2158 3906
385 331 411 383 1
421 330 489 382 72
938 337 994 380 P.
1028 335 1237 381 OVIDII
1269 334 1541 381 NASONIS

389 462 509 497 cum
541 441 725 494 cecidit
758 438 1041 509 Capaneus
1074 436 1247 489 subito
1278 437 1585 489 temerarius
1615 436 1742 500 ictu,

461 532 589 564 num
619 510 751 579 legis
781 508 1045 561 Euadnen
1075 507 1348 560 erubuisse
1378 507 1524 559 viro?

306 604 358 643 65
389 602 486 637 nec
517 582 640 650 quia
670 599 763 633 rex
793 579 978 632 mundi
1009 577 1332 647 compescuit
1361 577 1575 647 ignibus
1604 577 1775 647 ignee„

460 655 572 722 ipse
604 652 712 703 suis
742 650 1024 703 Phaethon
1052 649 1358 701 infitiandus
1390 658 1524 701 erat:

388 742 486 776 nec
521 721 730 775 Semele
763 718 968 774 Cadmo
999 720 1142 773 facta
1172 730 1251 772 est
1282 719 1452 773 aliena
1479 719 1701 789 parenti,

461 793 603 861 quod
632 792 878 862 precibus
915 791 1071 862 periit
1100 790 1378 844 ambitiosa
1409 791 1532 842 suis.

358 929 361 932 Α
386 882 485 917 nec
515 864 634 926 tibi,
665 863 809 931 quod
840 862 1011 916 saevis
1043 880 1142 932 ego
1173 879 1291 914 sum
1319 861 1463 914 Iovis
1493 861 1704 931 ignibus
1734 860 1892 924 ictus,

307 957 359 995 70
460 953 758 1004 purpureus
789 933 934 986 molli
963 933 1056 986 fiat
1084 934 1140 985 in
1172 951 1261 986 ore
1290 931 1470 985 rubor.

391 1007 484 1059 sed
514 1005 683 1075 magis
713 1005 769 1057 in
799 1023 979 1057 curam
1009 1003 1176 1056 nostri
1207 1021 1466 1072 consurge
1497 1002 1681 1055 tuendi

462 1077 867 1145 exemplumque
897 1074 1026 1127 mihi
1058 1074 1296 1144 coniugis
1327 1082 1438 1127 esto
1468 1073 1640 1126 bonae

388 1148 767 1215 materiamque
798 1146 902 1199 tuis
932 1146 1135 1199 tristem
1165 1144 1448 1198 virtutibus
1477 1144 1662 1214 imple:

463 1219 627 1271 ardua
656 1237 751 1288 per
781 1235 1036 1288 praeceps
1066 1217 1236 1287 gloria
1265 1216 1412 1268 vadit
1440 1215 1554 1268 iter.

309 1309 360 1348 75
393 1290 628 1342 Hectora
659 1288 775 1357 quis
806 1298 1008 1351 nosset,
1040 1289 1084 1341 si
1113 1288 1241 1340 felix
1271 1286 1432 1339 Troia
1461 1286 1679 1339 fuisset?

462 1361 676 1430 publica
706 1359 912 1412 virtutis
944 1378 1037 1429 per
1067 1359 1207 1411 mala
1235 1358 1378 1411 facta
1407 1357 1494 1409 via
1525 1365 1620 1410 est.

392 1450 475 1484 ars
507 1441 623 1493 tua,
655 1430 857 1500 Tiphy,
888 1431 1045 1492 iacet,
1078 1430 1121 1482 si
1151 1447 1257 1482 non
1288 1429 1355 1481 sit
1383 1428 1439 1480 in
1470 1445 1697 1496 aequore
1726 1427 1943 1479 fluctus:

464 1503 507 1554 si
538 1503 747 1554 valeant
778 1501 1039 1563 homineS,
1073 1519 1156 1553 ars
1187 1509 1303 1562 tua,
1335 1498 1579 1561 Phoebe,
1609 1499 1760 1550 iacet.

393 1590 529 1641 quae
559 1574 686 1625 latet
715 1572 875 1641 inque
908 1572 1057 1624 bonis
1090 1580 1260 1624 cessat
1288 1587 1394 1622 non
1426 1569 1637 1639 cognita
1665 1568 1841 1630 rebus,

307 1663 362 1702 80
466 1652 686 1713 apparet
714 1642 882 1695 virtus
914 1642 1257 1712 arguiturque
1287 1641 1454 1693 malis.

394 1714 483 1767 dat
513 1714 608 1766 tibi
638 1722 817 1766 nostra
846 1714 1022 1765 locum
1051 1713 1189 1765 tituli
1219 1712 1455 1779 fortuna,
1487 1719 1751 1780 caputque

465 1785 805 1854 conspicuum
835 1784 1003 1853 pietas
1034 1802 1140 1851 qua
1170 1796 1261 1835 tua
1290 1782 1439 1835 tollat
1467 1782 1644 1835 habet«

392 1865 540 1909 utere
572 1854 922 1924 temporibUS,
953 1872 1179 1922 quorum
1209 1871 1349 1905 nunc
1379 1870 1598 1905 munere
1628 1851 1749 1904 trita
1779 1858 1860 1903 est

467 1937 518 1979 et
547 1936 693 1996 patet
723 1925 991 1978 inlaudes
1024 1943 1145 1978 area
1173 1925 1281 1976 lata
1309 1922 1450 1976 tuas!

1194 2037 1294 2092 IV.

394 2137 446 2191 O
481 2138 594 2206 qui,
625 2137 925 2190 nominibus
956 2156 1077 2190 cum
1109 2137 1178 2189 sis
1208 2154 1496 2206 generosus
1528 2153 1763 2198 avorum,

467 2229 750 2279 exsuperas
781 2227 988 2260 morum
1018 2207 1290 2261 nobilitate
1319 2226 1488 2276 genus
1498 2227 1512 2269 3

395 2281 544 2333 cuius
575 2281 709 2332 inest
740 2280 914 2332 animo
945 2279 1101 2349 patrii
1131 2278 1372 2331 candoris
1402 2278 1597 2345 imagO,

465 2369 570 2402 non
602 2361 776 2403 careat
805 2351 979 2402 nervis
1011 2349 1207 2402 candor
1236 2358 1296 2401 ut
1324 2349 1422 2400 iste
1454 2349 1561 2400 suis
1572 2367 1585 2410 3

338 2440 363 2478 5
397 2422 545 2475 cuius
575 2422 629 2473 in
659 2421 872 2491 ingenio
903 2430 982 2473 est
1012 2420 1211 2490 patriae
1242 2419 1491 2471 facundia
1519 2418 1750 2488 linguae,

468 2511 572 2559 qua
602 2493 742 2561 prior
770 2492 824 2543 in
856 2491 1014 2543 Latio
1045 2509 1152 2543 non
1181 2490 1282 2542 fuit
1311 2490 1419 2541 ulla
1447 2490 1585 2541 foro:

396 2563 539 2631 quod
568 2563 782 2615 minime
813 2562 980 2624 volui,
1010 2561 1192 2631 positis
1222 2579 1319 2630 pro
1349 2561 1557 2611 nomine
1590 2559 1752 2629 signis

468 2634 638 2685 dictus
671 2653 725 2685 es
736 2653 749 2695 ;
781 2633 1023 2702 ignoscas
1054 2632 1300 2684 laudibus
1329 2630 1442 2700 ipse
1473 2630 1592 2682 tuis.

395 2705 469 2756 nil
500 2722 599 2773 ego
631 2704 871 2773 peccavi:
904 2713 995 2755 tua
1025 2713 1077 2756 te
1107 2703 1246 2754 bona
1276 2702 1487 2770 cognita
1517 2701 1763 2770 produnt.

313 2794 365 2831 10
468 2775 512 2826 si
543 2775 685 2842 quod
718 2794 799 2835 οε,
831 2793 1077 2843 appares,
1110 2774 1265 2843 culpa
1295 2774 1465 2825 soluta
1494 2791 1612 2824 mea
1641 2781 1736 2824 est.

394 2864 493 2899 nec
523 2855 699 2897 tamen
730 2845 965 2897 officium
994 2854 1171 2897 nostro
1203 2844 1298 2896 tibi
1329 2843 1558 2896 carmine
1588 2842 1789 2895 factum

466 2916 700 2986 principe
731 2926 839 2968 tam
868 2916 1006 2968 iusto
1035 2933 1190 2986 posse
1219 2933 1409 2967 nocere
1439 2922 1584 2983 puto,

394 2989 507 3058 ipse
540 2997 687 3057 pater
715 2988 915 3056 patriae
943 3017 1016 3025 —
1044 2986 1171 3055 quid
1202 2986 1343 3039 enim
1372 2995 1451 3038 est
1481 2984 1684 3037 civilius
1714 2982 1835 3036 illo?
1863 3010 1939 3024 —-

468 3058 689 3111 sustinet
717 3058 772 3109 in
802 3067 981 3110 nostro
1012 3057 1242 3110 carmine
1273 3074 1430 3125 saepe
1460 3055 1566 3124 legi

312 3147 363 3184 15
395 3148 493 3181 nec
523 3129 804 3198 prohibere
835 3137 1032 3198 potest,
1063 3129 1188 3195 quia
1217 3146 1300 3180 res
1332 3135 1410 3179 est
1438 3125 1651 3194 publica
1682 3122 1896 3185 Caesar,

466 3208 516 3252 et
548 3200 612 3251 de
644 3199 910 3251 communi
937 3217 1060 3268 pars
1091 3215 1300 3266 quoque
1330 3206 1510 3248 nostra
1539 3195 1678 3247 bono
1709 3203 1802 3246 est.

392 3270 635 3339 Iuppiter
664 3269 889 3338 ingeniis
917 3269 1136 3338 praebet
1167 3287 1262 3319 sua
1290 3266 1508 3319 numina
1536 3274 1718 3317 vatum

466 3357 627 3406 seque
659 3339 912 3392 celebrari
943 3338 1177 3407 quolibet
1207 3355 1295 3389 ore
1328 3337 1465 3388 sinit.

394 3430 553 3464 causa
584 3420 676 3462 tua
706 3409 949 3479 exemplo
982 3426 1290 3478 superorum
1321 3416 1434 3459 tuta
1465 3406 1688 3458 duorum
1719 3414 1816 3469 est,

308 3499 363 3538 20
464 3492 690 3550 quorum
722 3480 807 3533 hic
839 3479 1113 3549 aspicitur,
1146 3479 1373 3532 creditur
1402 3477 1488 3530 ille
1521 3477 1666 3530 deus.
