2158 3906
487 405 577 451 Ex
604 406 822 454 PONTo
852 405 975 451 Lm.
1007 405 1092 454 1v.
1123 405 1188 464 11,
1218 405 1418 463 39-1v,
1449 405 1517 450 14.
1755 393 1857 446 271

147 507 280 563 haee
310 507 410 563 dea
439 526 546 562 non
576 508 776 573 stabili,
806 526 969 578 quam
999 508 1066 562 sit
1095 507 1252 571 levis,
1283 508 1411 563 orbe
1439 506 1652 570 fatetur,

218 597 378 648 quem
408 598 675 633 summum
706 579 869 633 dubio
900 579 999 633 sub
1029 578 1165 650 pede
1196 598 1403 650 semper
1432 578 1608 632 habet.

147 650 382 721 quolibet
413 659 492 704 est
521 649 672 712 folio,
703 650 889 719 quavis
919 650 1166 703 incertior
1195 669 1347 703 aura:

218 739 315 792 par
342 720 419 774 illi
447 720 658 783 levitas,
689 720 952 791 improbe,
985 721 1097 774 sola
1126 729 1219 774 tua
1248 730 1343 775 est.

148 791 324 846 omnia
354 800 476 844 sunt
504 790 779 844 hominum
808 791 954 845 tenui
983 791 1267 861 pendentia
1295 792 1402 856 filo,
1893 805 1948 845 35

220 871 272 917 et
302 861 476 915 subito
507 880 657 925 easu,
687 880 826 931 quae
856 862 1094 925 valuere,
1125 871 1301 916 ruunt.

149 932 325 988 divitis
358 932 538 986 audita
567 942 647 987 est
677 932 764 987 oui
792 951 898 986 non
928 933 1195 1003 opulentia
1226 931 1445 987 Croesi?

218 1022 410 1075 nempe
440 1012 618 1058 tamen
647 1003 812 1058 vitam
842 1013 1027 1087 eaptus
1057 1004 1126 1057 ab
1156 1004 1305 1058 hoste
1336 1004 1470 1057 tulit.

146 1075 234 1130 ille
267 1074 549 1146 Syracosia
577 1075 734 1129 modo
765 1075 1077 1129 form1datus
1107 1075 1162 1128 in
1192 1075 1323 1129 urbe

67 1207 69 1210 .
218 1146 308 1199 vix
338 1145 525 1199 humili
556 1146 742 1200 duram
773 1146 1003 1229 reppulit
1033 1155 1144 1200 arte
1174 1146 1386 1200 famem.
1892 1161 1951 1201 4ο

147 1217 276 1288 quid
305 1217 480 1272 fuerat
508 1217 714 1288 Magno
744 1217 945 1270 mams?
975 1226 1153 1271 tamen
1183 1217 1271 1270 ille
1301 1216 1511 1288 rogavit

220 1288 500 1343 summissa
528 1288 739 1359 fugiens
771 1306 900 1342 voee
931 1287 1134 1342 clientis
1165 1306 1336 1358 opem.

149 1359 340 1430 cuique
372 1359 483 1413 viro
514 1368 655 1413 totus
686 1368 944 1413 terrarum
974 1357 1150 1429 paruit
1179 1359 1338 1420 orbis,

70 1514 73 1573 j
146 1501 234 1557 ille
263 1500 580 1573 Iugurthino
612 1501 783 1555 clarus
816 1498 1140 1568 Cimbroque
1171 1500 1456 1570 triumph0‚
1893 1516 1949 1555 45

13 1575 16 1625 ἦ
218 1590 324 1642 quo
356 1572 544 1626 victrix
574 1571 764 1625 totiens
795 1571 1010 1624 consule
1041 1570 1214 1624 Roma
1244 1570 1362 1633 fuit,

72 1680 73 1684 =
146 1643 202 1697 in
233 1662 396 1698 caeno
425 1642 633 1695 Marius
662 1641 824 1695 iacuit
855 1659 1128 1711 cannaque
1158 1642 1397 1712 palustri,

16 1718 42 1744 ⁰·
257 1713 433 1769 ertulit
461 1722 513 1768 et
542 1721 688 1767 tanto
718 1713 884 1766 multa
913 1712 1164 1783 pudenda
1194 1712 1323 1765 viro.

146 1785 202 1839 lu
241 1785 281 1839 it
309 1785 365 1839 in
394 1784 637 1839 humanis
669 1783 848 1838 divina
876 1783 1112 1855 potentia
1140 1783 1317 1846 rebus,

192 1865 271 1911 .et
301 1864 496 1911 certa-m
528 1874 777 1927 praesens
807 1855 898 1908 vix
928 1854 1088 1908 habet
1117 1854 1247 1908 hora
1275 1854 1454 1908 fidem.
1892 1870 1950 1909 50

149 1927 295 1982 ‘litus
327 1927 395 1981 ad
424 1926 720 1981 Euxinum'
754 1926 798 1979 si
829 1926 947 1995 quis
978 1926 1107 1979 mihi
1138 1925 1335 1980 diceret
1366 1925 1510 1989 ‘ibis,

34 2015 35 2023 ¹
74 2002 75 2005 ’
219 2008 271 2053 et
299 2006 527 2061 metues,
559 2015 686 2051 areu
715 2016 782 2051 ne
811 1997 1001 2051 feriare
1033 1995 1255 2051 Getae’:

32 2077 72 2143 ³¹7
149 2069 215 2134 ‘i,
247 2069 392 2123 bibe’
425 2068 675 2123 dixissem
704 2073 1016 2139 ‘purgantes
1048 2077 1262 2139 pectora
1292 2085 1463 2130 sucos,

39 2142 67 2159 “’
219 2139 472 2210 quioquid
502 2148 555 2194 et
583 2139 638 2193 in
668 2148 780 2192 tota
809 2139 1043 2193 nascitur
1071 2138 1364 2208 Anticyra)

149 2231 267 2266 sum
297 2221 473 2266 tamen
503 2210 635 2264 haee
664 2229 876 2282 passus:
907 2229 1031 2274 nee,
1063 2210 1107 2263 si
1136 2209 1378 2263 mortalia
1407 2227 1635 2280 possem,
1889 2226 1945 2265 55

70 2339 74 2348 ,
220 2292 271 2336 et
302 2282 494 2336 summi
523 2291 761 2353 poteram
791 2282 897 2335 tela
927 2300 1114 2335 cavere
1145 2281 1246 2334 dei.

54 2404 60 2419 ,
148 2363 206 2408 tu
237 2371 448 2423 quoque
478 2352 564 2406 fao
594 2353 805 2416 timeas,
837 2362 888 2406 et
919 2371 1055 2422 quae
1086 2352 1182 2405 tibi
1211 2353 1352 2406 laeta
1381 2351 1644 2415 videntur,

220 2425 347 2478 dum
377 2423 631 2493 loqueris,
662 2423 776 2478 fieri
805 2424 973 2477 tristia
1003 2441 1157 2494 posse
1187 2434 1332 2494 puta.
1407 2482 1410 2485 Α

954 2537 1052 2591 IV.

51 2637 74 2703 JJ'
148 2637 311 2692 Nulla
340 2637 452 2691 dies
483 2637 616 2692 adeo
646 2646 724 2691 est
755 2637 1073 2691 australibus
1102 2636 1287 2689 umida
1315 2636 1526 2698 nimbis,
1690 2634 1917 2679 SEXTO

62 2707 65 2770 ζ
219 2726 326 2762 non
355 2708 662 2762 intermissis
691 2716 753 2760 ut
782 2709 911 2761 fluat
940 2708 1109 2762 imber
1139 2708 1306 2777 aquis.
1516 2766 1518 2768 ,
1632 2692 1974 2737 POMPEIO·

53 2790 81 2847 ξ
149 2798 248 2834 nee
279 2779 467 2832 sterilis
497 2779 644 2832 loeus
675 2779 814 2831 ullus
844 2780 918 2831 ita
948 2789 1050 2841 est,
1083 2788 1141 2832 ut
1172 2797 1279 2831 non
1310 2779 1378 2831 sit
1406 2777 1463 2831 in
1491 2778 1581 2830 illo

64 2892 71 2915 ,ν
221 2850 386 2903 mixta
415 2849 526 2903 fere
557 2848 701 2901 duris
731 2849 872 2902 utilis
903 2850 1068 2903 herba
1098 2849 1260 2902 rubiS.

53 2917 71 2981 ,ζ’
149 2921 222 2974 nil
253 2921 386 2974 adeo
415 2919 627 2973 fortuna
655 2920 833 2989 gravis
862 2919 1159 2974 miserabile
1189 2920 1330 2982 feeit,
1892 2939 1916 2975 5

65 2996 70 3006 '
221 3001 282 3045 ut
311 2991 551 3044 minuant
579 2991 725 3043 nulla
752 2991 951 3062 gaudia
979 2999 1128 3062 parte
1156 2991 1373 3043 malum.

55 3049 78 3117 'i
152 3081 274 3118 eece
307 3062 463 3115 domo
493 3061 768 3133 patriaque
800 3080 983 3115 carens
1014 3061 1284 3129 oculisque
1316 3078 1572 3124 meorum,

64 3128 73 3141 ’
223 3134 514 3204 naufragus
543 3133 599 3186 in
631 3131 808 3186 Getici
836 3133 1000 3186 litoris
1031 3141 1179 3187 aetus
1211 3150 1393 3200 aqum,

60 3214 80 3244 Β
153 3222 259 3274 qua
287 3217 466 3259 tamen
494 3203 673 3257 inveni
702 3204 906 3257 vultum
938 3203 1234 3256 diffundere
1266 3221 1427 3256 eausa

223 3294 459 3347 possem,
489 3275 732 3328 fortunae
762 3294 860 3329 nee
890 3274 1190 3329 meminisse
1220 3293 1387 3327 meae.
1895 3292 1952 3330 10

61 3351 82 3389 ἒ
153 3366 277 3400 nam
306 3346 435 3400 mihi
465 3365 585 3400 eum
616 3346 728 3400 sola
758 3346 1013 3417 spatiarer
1041 3345 1201 3399 tristis
1232 3344 1445 3406 harena,

64 3399 85 3539 ,ξ
227 3417 341 3471 visa
370 3426 449 3472 est
478 3437 510 3471 a
538 3427 688 3489 tergo
717 3418 880 3488 pinna
910 3416 1117 3472 dedisse
1148 3435 1353 3470 sonum.

72 3588 90 3696 ἓ

72 3537 78 3546 ,
154 3488 394 3559 respicio·
466 3507 565 3542 nee
595 3497 703 3542 erat
735 3507 950 3560 eorpus,
981 3487 1125 3558 quod
1155 3506 1367 3541 eernere
1397 3505 1634 3557 possem3

71 3563 84 3584 ³
232 3559 391 3614 verba
420 3567 597 3615 tamen
628 3569 750 3613 sunt
779 3560 910 3615 haee
941 3578 1067 3615 aure
1096 3567 1310 3630 recepta
1339 3577 1480 3613 mea:
