2158 3906
372 305 473 359 108
925 317 981 360 Ρ.
1015 316 1223 362 OVIDII
1252 317 1523 364 NASONIS

257 436 342 475 430
446 437 675 486 curaque
709 419 775 470 ad
805 418 1052 471 heredem
1082 418 1449 472 Laomedonta
1478 421 1627 473 redit.

375 490 474 542 sub
504 490 719 540 Priamo
753 498 958 540 servata
988 508 1192 558 parum.
1268 489 1341 542 sic
1369 490 1486 560 ipsa
1516 492 1745 556 volebat,

446 578 511 612 ex
543 577 647 626 quo
678 559 871 610 iudicio
903 559 1074 611 forma
1102 560 1299 613 revicta
1329 579 1425 614 sua
1455 571 1549 614 est.

375 649 469 682 seu
499 648 667 698 genus
697 629 918 681 Adrasti
948 649 1041 683 seu
1071 630 1224 683 furtis
1255 641 1409 701 aptus
1439 631 1628 686 Ulixes

446 719 538 751 seu
570 699 688 768 pius
719 700 933 753 Aeneas
963 700 1242 771 (eripuisse
1272 704 1492 773 ferunt),

258 789 339 827 435
372 779 554 822 auctor
584 771 637 821 in
668 770 889 823 incerto:
921 790 1004 824 res
1036 781 1114 824 est
1143 772 1402 826 Romana.
1469 783 1646 828 tuetur

441 841 631 902 Vesta,
665 841 808 908 quod
840 842 1050 894 assiduo
1080 843 1278 896 lumine
1309 854 1499 897 cuncta
1528 846 1685 899 videt.

369 911 475 964 heu
507 920 763 978 quantum
793 912 1014 966 timuere
1045 922 1247 982 patres,
1279 932 1384 983 quo
1415 925 1651 984 tempore
1681 918 1848 972 Vesta

443 982 592 1043 arsit,
625 991 676 1034 et
707 992 786 1035 est
816 984 967 1036 tectis
999 983 1189 1037 obruta
1217 1003 1385 1054 paene
1417 986 1549 1038 suis!

307 1084 310 1088 ,
369 1053 665 1122 flagrabant
695 1054 863 1106 sancti
894 1055 1159 1107 sceleratis
1188 1055 1401 1125 ignibus
1432 1056 1601 1127 igneS,

255 1142 338 1180 440
442 1123 711 1192 mixtaque
743 1134 854 1177 erat
884 1126 1128 1179 flammae
1158 1127 1371 1180 flamma
1399 1128 1622 1197 profana
1650 1129 1785 1199 piae.

371 1195 621 1246 attonitae
653 1195 849 1248 flebant
881 1196 1110 1264 demisso
1141 1197 1284 1250 crine
1313 1198 1605 1252 ministrae:

444 1266 731 1318 abstulerat
761 1266 898 1319 vires
931 1268 1164 1337 corporis
1193 1268 1306 1337 ipse
1337 1269 1506 1321 timor.

370 1337 610 1405 provolat
640 1337 696 1388 in
726 1338 959 1390 medium
992 1351 1043 1392 et
1073 1357 1268 1409 magna
1298 1339 1659 1394 ‘succurritel'
1693 1359 1823 1394 voce

444 1413 572 1458 ‘non
604 1417 682 1459 est
713 1408 965 1460 auxilium
996 1410 1427 1464 flere’.Metellus
1459 1411 1546 1464 ait.

255 1495 337 1533 445
371 1477 618 1547 ‘pignora
647 1479 897 1548 virgineis
928 1480 1110 1532 fatalia
1141 1481 1305 1534 tollite
1337 1482 1551 1551 palmis!

441 1567 546 1600 non
579 1568 641 1601 ea
672 1559 794 1601 sunt
823 1559 970 1612 voto,
1007 1552 1099 1603 sed
1130 1551 1382 1621 rapienda
1410 1553 1594 1605 manu!

370 1637 455 1671 me
488 1619 761 1672 miserum!
795 1621 1098 1674 dubitatis?’
1132 1622 1219 1674 ait.
1296 1623 1534 1677 dubitare
1566 1624 1779 1677 videbat

444 1699 493 1742 et
524 1691 741 1759 pavidas
770 1693 942 1761 posito
974 1693 1317 1762 procubuisse
1347 1713 1506 1763 genu.

369 1760 543 1812 haurit
574 1779 763 1828 aquaS,
796 1763 1088 1831 tollensque
1120 1783 1306 1816 manus
1340 1764 1661 1834 ‘ignoscite,'
1697 1765 1830 1817 dixit

254 1849 339 1886 450
443 1832 638 1884 ‘sacral
670 1833 751 1884 vir
779 1833 985 1886 intrabo
1016 1852 1121 1886 non
1153 1835 1396 1887 adeunda
1425 1835 1554 1886 viro.

370 1901 414 1953 si
446 1903 614 1954 scelus
647 1912 748 1966 est,
781 1903 834 1955 in
864 1923 951 1957 me
982 1905 1245 1957 commissi
1276 1923 1446 1975 poena
1474 1905 1759 1959 redundet:

440 1973 507 2024 sit
537 1973 720 2043 capitis
753 1974 945 2026 damno
976 1976 1148 2028 Roma
1180 1976 1351 2029 soluta
1382 1977 1517 2029 mei.’

369 2043 500 2095 dixit
532 2053 582 2096 et
612 2044 815 2114 irrupit.
890 2045 1090 2098 factum
1123 2047 1221 2099 dea
1251 2057 1401 2117 rapta
1430 2047 1675 2117 probavit

439 2115 809 2183 pontificisque
842 2116 923 2168 sui
953 2137 1171 2171 munere
1202 2127 1316 2171 tuta
1345 2119 1459 2171 fuit.
1490 2149 1563 2156 -—

252 2201 335 2239 455
367 2203 509 2237 nunc
539 2186 674 2238 bene
704 2187 914 2249 lucetiS,
946 2207 1151 2250 sacrae,
1183 2190 1282 2241 sub
1316 2188 1569 2253 Caesare,
1600 2190 1866 2243 flammae:

439 2256 575 2325 ignis
606 2257 660 2308 in
690 2257 866 2311 Iliacis
897 2277 1038 2311 nunc
1069 2260 1167 2312 erit
1195 2278 1364 2328 usque
1394 2261 1538 2313 focis.

367 2327 619 2395 nullaque
651 2328 854 2380 dicetur
883 2329 1039 2382 vittas
1070 2339 1354 2384 temerasse
1386 2330 1629 2384 sacerdos

440 2397 540 2449 hoc
571 2399 728 2461 duce,
759 2418 858 2451 nec
889 2400 1010 2452 viva
1042 2401 1338 2453 defodietur
1367 2401 1546 2454 hum0.

371 2467 445 2519 sic
476 2468 674 2520 incesta
704 2470 838 2538 perit.
848 2490 861 2531 3
894 2471 1017 2538 quia
1047 2489 1206 2538 quam
1239 2472 1475 2535 violavit,
1505 2473 1559 2524 in
1589 2473 1733 2525 illam

254 2555 338 2593 460
442 2540 708 2601 conditur,
740 2549 790 2592 et
822 2540 1004 2593 Tellus
1035 2541 1306 2610 Vestaque
1335 2562 1533 2596 numen
1562 2544 1704 2596 idem
1734 2553 1828 2596 est.
1858 2574 1916 2582 —

368 2618 482 2660 tum
514 2610 614 2661 sibi
647 2608 883 2663 Callaico
913 2612 1112 2664 Brutus
1145 2631 1438 2682 cognomen
1469 2614 1536 2666 ab
1567 2614 1716 2667 hoste

439 2680 565 2732 fecit
597 2690 647 2733 et
677 2681 975 2751 Hispanam
1007 2684 1263 2753 sanguine
1294 2685 1448 2737 tinxit
1477 2684 1717 2737 humum.

369 2751 565 2803 scilicet
595 2751 860 2804 interdum
890 2754 1178 2806 miscentur
1208 2755 1375 2808 tristia
1404 2756 1572 2819 laetis,

437 2840 534 2874 nec
566 2823 820 2891 populum
850 2833 959 2876 toto
989 2834 1199 2893 pectore
1230 2826 1366 2879 festa
1394 2826 1596 2879 iuvant.

252 2908 334 2946 465
370 2890 597 2944 Crassus
630 2894 697 2944 ad
727 2893 1040 2963 Euphraten
1072 2896 1274 2963 aquilas
1304 2906 1593 2966 natumque
1624 2916 1854 2968 suosque

437 2964 688 3032 perdidit,
722 2974 773 3016 et
802 2965 906 3018 leto
939 2976 1016 3018 est
1045 2967 1258 3020 ultimus
1288 2968 1402 3038 ipse
1433 2968 1603 3021 datus,

369 3033 612 3096 ‘Parthe,
645 3035 772 3103 quid
805 3037 1063 3089 exultas?’
1098 3038 1229 3090 dixit
1260 3038 1359 3091 dea
1389 3039 1565 3108 ‘signa
1593 3039 1851 3092 remittes:

439 3105 633 3173 quique
664 3124 848 3158 necem
881 3105 1060 3159 Crassi
1092 3109 1344 3172 vindicet,
1374 3110 1514 3161 ultor
1543 3109 1673 3162 erit-⁹

365 3246 442 3297 At
473 3246 628 3297 simul
659 3247 839 3299 auritis
871 3247 1039 3300 violae
1071 3248 1354 3302 demuntur
1385 3250 1557 3302 asellis
1869 3251 1944 3294 IO-
1975 3250 2079 3295 AN
2140 3292 2142 3295 ψ

250 3332 336 3371 470
440 3325 492 3367 et
524 3314 731 3369 Cereris
762 3317 943 3386 fruges
976 3338 1161 3387 aspera
1191 3339 1319 3372 saxa
1348 3329 1539 3382 terunt,
2028 3338 2030 3342 ’

364 3387 542 3438 navita
573 3405 750 3456 puppe
783 3388 968 3440 sedens
1000 3387 1294 3458 ‘Delphina
1324 3391 1662 3456 videbimus,’
1694 3392 1864 3462 inquit

437 3457 641 3510 ‘umida
672 3476 788 3510 cum
819 3458 971 3527 pulso
1002 3477 1107 3511 nox
1139 3460 1235 3513 erit
1267 3471 1378 3513 orta
1410 3461 1527 3515 die?
