2158 3906
283 358 317 409 2
324 357 387 410 78
833 366 887 411 Ρ.
922 366 1129 413 OV1D11
1154 363 1433 414 NASONIS

286 470 379 522 sed
410 470 534 522 dare
563 468 837 521 materiam
866 468 1042 531 nobis,
1074 486 1235 536 quam
1266 470 1521 532 carmina,
1552 469 1743 523 mavis:

357 558 454 592 nec
484 550 659 591 tamen
692 558 757 591 ex
786 547 896 591 toto
927 539 1168 592 deserere
1197 539 1286 592 illa
1315 549 1482 609 potes.

285 629 406 662 nam
438 609 592 661 modo
625 609 764 662 bella
793 609 957 679 geris,
987 610 1219 662 numeris
1251 610 1409 662 modo
1441 611 1603 663 verba
1634 629 1863 675 coerceS,

356 680 604 748 quodque
635 680 747 732 aliis
778 698 912 750 opus
944 689 1047 743 est,
1077 680 1178 734 hoc
1208 681 1304 733 tibi
1333 682 1480 734 lusus
1513 681 1625 734 erit.

202 767 253 806 75
286 761 449 819 utque
480 769 578 803 nec
608 751 678 803 ad
708 750 962 803 citharam
991 769 1090 805 nec
1121 751 1189 804 ad
1219 770 1399 805 arcum
1431 752 1607 821 segnis
1639 753 1835 823 Apollo
1867 761 1964 816 est,

359 821 452 874 sed
481 820 624 874 venit
654 821 722 874 ad
752 840 926 874 sacras
956 840 1150 875 nervus
1179 831 1402 890 uterque
1431 841 1635 885 manuS‚

288 892 362 944 sic
393 892 488 944 tibi
518 911 616 945 nec
647 892 789 945 docti
818 892 1008 945 desunt
1038 911 1136 945 nec
1166 893 1417 963 principis
1448 902 1602 955 arteS‚

356 962 521 1015 mixta
551 963 645 1016 sed
675 971 754 1016 est
785 963 958 1016 animo
990 981 1112 1016 cum
1142 964 1272 1017 Iove
1300 963 1464 1016 Musa
1492 972 1600 1016 tuo,

285 1052 421 1102 quae
452 1034 702 1102 quoniam
730 1053 829 1087 nec
856 1052 953 1087 nos
983 1035 1127 1086 unda
1157 1034 1440 1087 summovit
1469 1035 1537 1087 ab
1567 1034 1672 1096 illa,

201 1121 254 1160 80
356 1105 557 1174 ungula
588 1104 863 1176 Gorgonei
892 1123 1053 1174 quam
1084 1124 1214 1158 cava
1242 1105 1367 1159 fecit
1398 1105 1537 1174 equi,

285 1176 450 1245 prosit
480 1194 740 1245 opemque
770 1176 930 1239 ferat,
963 1176 1262 1229 communia
1291 1195 1439 1229 sacra
1468 1176 1602 1229 tueri

358 1256 515 1315 atque
545 1247 714 1300 isdem
744 1247 931 1300 studiis
960 1247 1273 1316 imposuisse
1304 1266 1537 1309 manum,

285 1317 438 1369 litora
467 1318 658 1387 pellitis
689 1318 910 1370 nimium
941 1317 1177 1371 subiecta
1208 1316 1432 1371 Corallis

356 1398 415 1440 ut
446 1389 659 1459 tandem
690 1407 874 1442 saevos
906 1389 1265 1459 effugiamque
1298 1387 1490 1443 Getas:

188 1476 253 1514 ,85
287 1459 569 1527 clausaque
601 1460 644 1512 si
673 1460 863 1513 misero
895 1461 1063 1530 patria
1094 1469 1196 1523 est,
1227 1469 1287 1512 ut
1316 1478 1483 1530 ponar
1512 1459 1567 1511 in
1597 1460 1721 1522 ullo,

358 1531 448 1598 qui
478 1530 650 1583 minus
683 1530 925 1582 Ausonia
955 1531 1111 1583 distet
1142 1531 1209 1582 ab
1240 1531 1395 1593 urbe,
1427 1531 1564 1592 loco,

285 1602 426 1653 unde
458 1610 574 1653 tuas
605 1601 801 1670 possim
831 1601 1014 1654 laudes
1047 1601 1312 1654 celebrare
1342 1611 1577 1654 recentes

356 1690 655 1742 magnaque
685 1690 844 1740 quam
874 1672 1090 1724 minima
1119 1672 1261 1724 facta
1290 1672 1484 1725 referre
1516 1689 1679 1724 mora.

286 1755 470 1812 tangat
498 1752 557 1794 ut
585 1742 686 1795 hoc
715 1753 898 1795 votum
928 1743 1195 1805 caelestia,
1228 1761 1348 1796 care
1372 1742 1552 1803 Suilli,

185 1830 256 1869 -·90
358 1813 601 1876 numina,
632 1831 727 1883 pro
759 1831 940 1866 socero
971 1832 1139 1883 paene
1170 1831 1385 1882 precare
1416 1822 1524 1865 tuo,

1083 1925 1189 1978 IX.

285 2025 446 2078 Unde
476 2026 621 2088 licet,
653 2044 758 2079 non
789 2026 930 2078 unde
959 2025 1128 2087 iuvat,
1162 2023 1450 2088 Graeciae,
1482 2025 1706 2078 salutem
1778 2024 1998 2067 GRAE-

358 2096 517 2148 mittit
547 2097 614 2149 ab
644 2096 870 2149 Euxinis
901 2096 1039 2148 hanc
1069 2096 1164 2148 tibi
1195 2095 1340 2148 Naso
1371 2095 1535 2157 vadi&
1785 2081 1858 2124 CI
1863 2081 1915 2123 N
1923 2082 1976 2126 0·

285 2166 581 2236 missaque,'
610 2167 664 2220 di
693 2168 914 2230 faciant,
946 2169 1213 2219 Auroram
1244 2176 1484 2220 occurrat
1514 2166 1581 2218 ad
1609 2166 1774 2230 illam,

359 2238 438 2290 bis
471 2257 622 2291 senos
653 2238 824 2291 fasces
856 2257 991 2307 quae
1022 2237 1118 2289 tibi
1147 2237 1318 2307 prima
1349 2237 1516 2289 dabit:

229 2325 254 2363 5
286 2317 367 2371 ut,
399 2310 647 2376 quoniam
679 2310 790 2363 sine
821 2328 905 2362 me
936 2319 1121 2378 tanges
1154 2307 1418 2379 Capitolia
1449 2309 1630 2361 consul

360 2390 411 2432 et
440 2380 564 2432 fiam
594 2380 780 2433 turbae
810 2399 932 2450 pars
964 2398 1063 2448 ego
1094 2380 1238 2431 nulla
1268 2389 1407 2441 tuae,

286 2451 341 2502 in
373 2451 570 2502 domini
601 2451 990 2520 subeatpartes
1022 2459 1073 2502 et
1102 2458 1332 2519 praestet
1362 2449 1517 2501 amici

361 2521 595 2573 officium
624 2522 767 2573 iusso
798 2522 972 2574 littera
1000 2531 1179 2572 nostra
1210 2519 1310 2573 die.

290 2601 447 2659 atque
479 2610 578 2661 ego
610 2592 653 2643 si
683 2592 806 2643 fatis
834 2592 1045 2661 genitus
1076 2590 1380 2643 melioribus
1411 2608 1581 2643 essem

205 2681 259 2719 10
361 2672 412 2715 et
441 2681 560 2714 mea
591 2662 794 2715 sincero
825 2671 1054 2715 curreret
1086 2680 1184 2714 axe
1214 2671 1353 2713 rota:

289 2751 394 2801 quo
424 2751 564 2785 nunc
594 2742 774 2786 nostra
802 2751 989 2785 manus
1019 2750 1113 2801 per
1143 2731 1396 2801 scriptum
1425 2730 1688 2801 fungitur,
1722 2740 1859 2785 esset

360 2805 542 2873 lingua
573 2803 838 2856 salutandi
866 2821 1084 2856 munere
1114 2802 1297 2856 functa
1326 2802 1419 2865 tui,

285 2885 630 2945 gratatusque
662 2874 843 2928 darem
874 2892 995 2927 cum
1026 2873 1269 2926 dulcibus
1299 2873 1479 2944 oscula
1509 2873 1702 2935 verbiS‚

361 2965 457 2999 nec
486 2946 661 2999 minus
691 2945 779 2999 ille
809 2963 985 3007 meuS,
1017 2962 1178 3013 quam
1207 2953 1355 3007 tuus,
1387 2953 1524 2997 esset
1553 2943 1735 2997 honor.

208 3033 258 3072 15
290 3017 403 3078 illa,
436 3016 711 3080 confiteor,
743 3016 819 3070 sic
848 3035 1020 3070 essem
1048 3016 1168 3068 luce
1198 3015 1475 3085 superbus,

361 3098 420 3139 ut
451 3096 660 3157 caperet
689 3088 858 3141 fastus
886 3086 978 3141 vix
1008 3085 1195 3139 domus
1224 3086 1333 3138 ulla
1362 3104 1532 3139 meos:

287 3158 523 3226 dumque
553 3159 691 3211 latus
723 3157 890 3212 sancti
919 3158 1083 3227 cingit
1113 3157 1209 3209 tibi
1239 3157 1394 3210 turba
1424 3164 1653 3220 senatus,

362 3229 590 3281 consulis
621 3238 743 3283 ante
772 3229 933 3299 pedes
963 3227 1039 3281 ire
1069 3227 1276 3282 viderer
1305 3246 1489 3296 eques:

292 3309 344 3353 et
375 3317 697 3368 quamquam
728 3318 975 3369 cuperem
1006 3317 1213 3367 semper
1241 3298 1336 3350 tibi
1365 3297 1635 3367 proximus
1666 3317 1796 3362 esse,

208 3387 261 3426 20
362 3370 650 3440 gauderem
679 3370 856 3423 lateris
887 3387 992 3421 non
1021 3368 1268 3421 habuisse
1298 3369 1488 3420 locum.

292 3460 390 3495 nec
421 3442 696 3509 querulus,
728 3440 883 3492 turba
913 3438 1155 3509 quamvis
1186 3438 1429 3501 eliderer,
1461 3458 1651 3493 essem:

364 3512 457 3565 sed
487 3512 622 3564 foret
653 3530 684 3564 a
714 3511 911 3581 populo
942 3519 1054 3562 tum
1085 3509 1213 3562 mihi
1244 3509 1396 3563 dulce
1427 3510 1609 3580 premi.
