2158 3906
55 144 86 268 {5

62 267 83 301 2«

50 391 73 437 ΤΞ
479 358 797 406 'rmsTmM
823 358 947 404 Lm.
978 358 1037 406 v.
1067 359 1155 418 xi,
1185 359 1382 418 9-x11‚
1411 362 1482 407 64„
1637 323 1656 341 ⁸
1740 353 1847 406 197

34 442 73 531 ξ
133 461 292 523 adde,
323 460 469 530 quod
498 460 770 531 ingenium
798 461 961 531 longa
988 461 1230 532 robigine
1260 463 1463 516 laesum

36 532 79 622 3}
202 539 373 616 torpet
403 540 456 585 et
485 543 565 585 est
594 533 785 595 mult0‚
817 550 977 601 quam
1006 532 1108 586 fuit
1138 542 1258 587 ante
1313 532 1503 588 minus.

40 627 74 699 Q
131 603 341 666 fertilis,
373 602 585 656 assiduo
617 603 659 656 si
690 621 797 655 non
827 611 1110 658 renovetur
1139 613 1278 657 aratr
1313 643 1328 667 ‚

40 677 80 741 ἧῗῃ
201 673 276 727 nil
304 673 406 727 nisi
435 691 556 727 cum
586 673 749 744 spinis
780 692 999 744 gramen
1029 673 1244 728 habebit
1274 694 1418 746 ager.

131 754 365 816 tempore
395 743 488 814 qui
516 744 677 815 longo
709 745 932 807 steterit,
964 745 1101 799 male
1134 756 1307 799 curret
1338 756 1390 800 et
1419 746 1556 802 inter
1873 766 1931 805 25

202 814 499 870 carceribus
530 815 718 868 missos
750 815 966 868 ultimus
998 815 1094 868 ibit
1126 834 1310 886 equus.

71 918 74 925 ,
131 885 351 941 vertitur
379 885 435 939 in
464 894 700 940 teneram
731 886 926 940 cariem
955 886 1205 955 rimisque
1237 888 1475 952 dehiscit,

80 992 87 1027 3
203 957 247 1011 si
276 974 382 1027 qua
411 955 502 1010 diu
533 957 699 1011 solitis
730 957 923 1011 cumba
953 958 1154 1011 vacarit
1184 959 1353 1027 aquis.

34 1020 51 1069 *v
76 1025 82 1035 ’
130 1046 215 1085 me
246 1045 457 1112 quoque
490 1028 734 1099 despera,
764 1028 957 1083 fuerim
988 1047 1109 1082 cum
1139 1047 1334 1099 parvus
1366 1039 1419 1085 et
1447 1040 1586 1095 ante,

199 1098 297 1160 ilh,
329 1099 422 1169 qui
451 1098 680 1163 fueram,
711 1118 867 1170 posse
898 1099 1076 1154 videre
1106 1118 1304 1170 parem.
1871 1120 1930 1161 30

33 1173 46 1198 ⁴¹
78 1214 82 1220 .
130 1170 366 1224 contudit
395 1170 667 1241 ingenium
698 1171 951 1241 patientia
979 1172 1140 1240 longa
1170 1172 1446 1235 malorum,

10 1283 11 1312 ζ
46 1298 47 1302 Ἰ
84 1245 90 1250 ’
201 1249 254 1294 et
282 1259 405 1312 pars
436 1241 639 1311 antiqui
668 1242 814 1295 nulla
843 1242 1039 1312 vigoris
1071 1242 1236 1294 adest.

9 1313 30 1356 ἓ-
78 1371 79 1374 ¹
129 1330 287 1383 saepe
317 1321 496 1366 tamen
524 1312 700 1375 nobis,
732 1321 792 1364 ut
820 1330 962 1366 nunc
992 1329 1226 1381 quoque,
1259 1322 1471 1383 sumpta
1501 1314 1696 1367 tabella
1726 1325 1821 1378 est,

9 1402 38 1454 ,ᾖ
74 1379 78 1395 “
140 1417 146 1425 ·
199 1382 359 1452 inque
390 1402 514 1437 suos
543 1383 688 1437 volui
718 1400 906 1453 cogere
937 1382 1100 1436 verba
1129 1382 1316 1452 pedes:

28 1487 30 1490 -
81 1491 83 1494 -
128 1455 363 1508 carmina
391 1454 536 1508 nulla
564 1453 695 1507 mihi
724 1462 847 1507 sunt
876 1452 1093 1523 scripta,
1125 1463 1216 1506 aut
1245 1454 1424 1522 qualia
1455 1455 1642 1518 cerniS‚
1873 1473 1927 1513 :35

10 1530 11 1539 ¹
200 1525 362 1596 digna
391 1525 474 1579 sui
504 1523 702 1578 domini
731 1533 992 1595 tempore,
1024 1523 1188 1594 digna
1217 1524 1349 1577 loco.

128 1595 355 1665 denique
384 1613 492 1650 non
519 1613 710 1666 parvas
741 1594 918 1648 animo
949 1594 1039 1647 dat
1068 1594 1238 1665 gloria
1268 1595 1423 1660 vires,

199 1676 250 1721 et
279 1665 508 1721 fecunda
537 1665 664 1720 facit
691 1675 908 1736 pectora
936 1666 1107 1719 laudis
1139 1685 1301 1719 amor.

125 1737 352 1792 nominis
382 1746 436 1792 et
462 1737 637 1791 famae
668 1737 937 1807 quondam
966 1737 1174 1807 fulgore
1205 1737 1468 1801 trahebar,

198 1809 324 1863 dum
354 1808 472 1862 tulit
501 1818 774 1863 antemnas
805 1827 936 1861 aura
965 1808 1197 1862 secunda
1228 1828 1389 1862 meas.
1871 1830 1930 1868 40

125 1898 231 1934 non
263 1879 395 1934 adeo
426 1887 504 1934 est
533 1879 669 1934 bene
698 1898 864 1943 nunc,
894 1888 954 1932 ut
984 1879 1049 1932 sit
1079 1878 1207 1931 mihi
1237 1880 1406 1950 gloria
1437 1900 1618 1936 curae:

196 1950 240 2005 si
268 1950 448 2014 liceat,
478 1950 610 2004 nulli
640 1950 883 2021 cognitus
914 1968 1030 2005 esse
1061 1950 1235 2003 velim.

127 2041 195 2075 an
224 2021 349 2091 quia
379 2030 648 2076 cesserunt
676 2021 847 2092 primo
878 2021 1012 2075 bene
1044 2021 1299 2085 carmina,
1331 2022 1522 2077 suades

197 2093 448 2155 scribere,
481 2111 755 2147 successus
786 2102 846 2145 ut
875 2110 1066 2161 sequar
1095 2093 1208 2163 ipse
1240 2095 1417 2146 meos?

125 2182 281 2235 pace,
309 2182 526 2228 novem,
557 2173 732 2219 vestra
760 2164 915 2217 liceat
946 2163 1165 2227 dixisse,
1198 2181 1426 2218 sorores:
1867 2185 1925 2224 45

197 2252 291 2289 vos
321 2235 446 2289 estis
475 2244 686 2289 nostrae
715 2235 947 2287 maxima
977 2253 1138 2288 causa
1167 2235 1345 2305 fugae.

125 2315 288 2376 utque
319 2306 464 2360 dedit
493 2306 658 2359 iustas
688 2306 825 2359 tauri
855 2306 1142 2359 fabricator
1172 2306 1307 2368 ae‘ni,

197 2377 270 2431 sic
300 2395 400 2461 ego
433 2376 500 2431 do
530 2395 728 2447 poenas
758 2376 960 2430 artibus
991 2377 1103 2447 ipse
1135 2377 1282 2429 meis,

125 2447 198 2501 nil
227 2447 356 2501 mih1
386 2447 614 2503 debebat
644 2467 765 2502 cum
796 2448 1036 2502 versibus
1068 2448 1293 2519 amplius
1324 2468 1455 2512 esse,

42 2543 87 2558 ‘··=
197 2537 317 2573 cum
345 2518 587 2591 fugerem
616 2519 802 2573 merito
832 2518 1123 2590 naufragus
1155 2537 1309 2572 omne
1340 2520 1550 2574 fretum.
1868 2541 1925 2580 50

59 2595 79 2644 ζ’
127 2598 200 2654 at,
232 2599 385 2673 pum,
417 2591 462 2644 si
492 2590 708 2644 demens
739 2591 973 2644 studium
1002 2590 1163 2644 fatale
1193 2601 1522 2662 retemptem,

65 2698 67 2702 ι
195 2660 280 2714 hic
309 2661 438 2714 mihi
466 2662 740 2732 praebebit
770 2662 1014 2715 carminis
1046 2681 1193 2715 arma
1221 2663 1401 2715 locus?

60 2750 66 2772 τ
125 2750 229 2784 non
258 2732 392 2786 liber
421 2731 507 2785 hic
536 2733 700 2796 ulluS,
730 2751 838 2786 non
868 2734 959 2802 qui
988 2733 1118 2785 mihi
1148 2733 1445 2786 commodet
1478 2753 1678 2797 aurem,

42 2819 81 2867 “ft
195 2803 462 2872 verbaque
494 2803 789 2873 significent
819 2803 948 2872 quid
977 2822 1120 2866 mea,
1150 2804 1312 2865 norit,
1345 2805 1509 2858 adest.

63 2903 65 2917 ι
125 2873 300 2927 omnia
328 2873 604 2927 barbariae
633 2874 751 2926 loca
781 2883 902 2926 sunt
931 2874 1180 2942 vocisque
1209 2874 1410 2927 ferinae
1864 2895 1920 2933 55

195 2945 475 3012 omniaque
505 2944 706 2997 hostilis
736 2945 894 3015 plena
922 2953 1126 2996 tumore
1158 2945 1288 2997 soni.

123 3015 237 3085 ipse
266 3014 394 3068 mihi
424 3015 606 3071 videor
633 3015 739 3068 iam
771 3015 1083 3069 dedidicisse
1114 3015 1330 3068 Latine:

194 3105 318 3139 nam
348 3085 507 3140 didici
538 3085 726 3141 Getice
759 3085 1156 3155 Sarmaticeque
1185 3086 1346 3155 loqui.

126 3175 222 3211 nec
251 3166 452 3222 tamen,
482 3166 540 3211 ut
570 3177 755 3211 verum
784 3158 953 3212 fatear
982 3157 1100 3221 tibi,
1131 3166 1311 3210 nostra
1340 3159 1506 3212 teneri

197 3247 228 3280 a
257 3229 618 3299 componendo
649 3229 878 3282 carmine
906 3229 1070 3282 Musa
1098 3238 1286 3298 potest.
1865 3248 1920 3288 60

69 3354 83 3373 ,
127 3298 400 3353 scribimus
432 3308 483 3354 et
514 3300 734 3370 scriptos
765 3300 1091 3353 absumimus
1121 3300 1244 3369 igne
1274 3300 1505 3354 libellos:

197 3369 366 3424 exitus
399 3379 476 3423 est
508 3370 667 3424 studii
697 3390 862 3442 parva
890 3371 1071 3423 favilla
1101 3369 1228 3424 mei!

59 3439 83 3508 ἒ
125 3458 223 3494 nec
251 3458 467 3511 possum
497 3450 550 3495 et
579 3442 733 3512 cupio
763 3461 870 3496 non
898 3443 1033 3496 ullos
1065 3441 1256 3495 ducere
1287 3461 1493 3496 versus:

196 3510 409 3581 ponitur
437 3511 630 3567 idcirco
660 3523 837 3568 noster
865 3514 925 3576 in
951 3513 1074 3584 igne
1103 3513 1269 3577 labor,

35 699 39 706 r
