2158 3906
742 349 939 396 IBIDIS
969 350 1182 396 80—167.
1716 338 1822 391 203

183 456 415 521 optatam
444 446 618 532 fugiat
647 449 756 503 vita
786 461 968 504 coacta
998 470 1206 506 necem:

109 520 444 589 luctatusque
475 519 566 572 diu
596 520 855 575 cruciatos
886 522 1092 575 <leserat
1123 532 1267 575 artus
1857 537 1937 575 125

181 590 394 662 spiritus
425 598 478 645 et
506 591 667 661 longa
695 601 937 660 torqueat
967 602 1088 647 ante
1118 592 1288 646 moral
1318 622 1391 631 —

107 660 368 717 evenient.
443 660 588 715 dedit
616 662 634 714 i
674 680 730 715 se
761 662 889 715 mihi
918 664 1076 717 modo
1107 664 1260 734 signa
1288 663 1454 717 futuri

179 730 457 795 Phoebus,
488 740 541 786 et
570 751 602 786 a
651 751 783 786 aeva
812 744 1014 788 maesta
1043 735 1239 788 volavit
1269 735 1397 788 avis.

108 814 249 858 certe
280 820 407 874 ego,
436 819 575 872 quae
604 821 800 868 vove0,
831 823 1049 875 superos
1079 815 1287 859 motura
1354 804 1542 858 utabo:

180 890 378 945 speque
407 881 531 928 tuae
560 875 766 938 mortis,
796 876 1020 946 perfide,
1052 895 1260 947 semper
1289 895 1320 930 a
1342 896 1423 939 ar3
1855 891 1938 930 130

58 952 59 955 ’
106 952 164 999 et
188 943 334 1015 prius
365 942 502 1000 hanc
532 944 786 1008 animam,
816 946 1037 999 nimium
1067 947 1163 1000 tibi
1194 966 1350 1017 saepe
1381 947 1616 1017 petitam,

179 1014 384 1069 auferet
412 1015 503 1069 illa
532 1015 669 1079 dies,
701 1034 837 1085 quae
867 1018 995 1071 mihi
1027 1037 1143 1072 sera
1172 1019 1331 1072 venit.

54 1092 68 1161 ᾗ
107 1104 181 1158 pu
258 1085 424 1140 abunt
454 1105 580 1141 arcu
610 1087 736 1141 dum
768 1088 1027 1151 Thraces,
1059 1090 1284 1159 Iazyges
1314 1088 1482 1150 hasta,

56 1168 58 1177 ’
217 1175 307 1210 um
336 1157 545 1228 tepidus
578 1156 822 1229 Ganges,
853 1159 1078 1230 frigidus
1108 1160 1291 1212 Hister
1321 1159 1435 1221 erit,

55 1229 57 1235 '
104 1226 298 1281 robora
327 1228 455 1282 dum
484 1238 713 1292 montes,
746 1230 872 1282 dum
903 1230 1081 1283 mollia
1110 1230 1306 1300 pabula
1337 1229 1526 1299 campi,
1853 1245 1933 1285 135

10 1348 11 1353 ,
56 1303 58 1306 ’
179 1297 306 1352 dum
337 1299 545 1353 Tiberis
574 1299 802 1368 liquidas
833 1300 1042 1354 Tuscus
1072 1299 1291 1353 habebit
1319 1318 1501 1368 aquaS,

10 1394 11 1400 ¹
53 1372 61 1407 ‘-
105 1367 247 1424 bella
275 1388 458 1440 geram
488 1378 688 1425 tecum:
718 1389 816 1424 nec
847 1388 986 1424 mors
1018 1370 1143 1423 mihi
1175 1370 1322 1423 finiet
1351 1371 1472 1432 iras,

10 1501 11 1506 Ἰ
56 1504 58 1509 ,
177 1459 338 1495 saeva
368 1441 462 1495 sed
489 1441 544 1494 in
572 1440 764 1495 Manes
794 1441 1050 1494 Manibus
1080 1460 1226 1494 arma
1256 1441 1419 1494 dabit.

10 1533 11 1540 ¹
43 1511 62 1583 ‚⁸-
103 1518 219 1564 tum
251 1529 489 1581 quoque,
517 1529 639 1565 cum
669 1511 820 1565 fuero
851 1530 1047 1565 vacuas
1078 1511 1313 1582 dilapsus
1343 1512 1397 1564 in
1428 1531 1600 1574 auras,

9 1583 12 1591 '
52 1594 66 1647 j
177 1581 432 1637 exanimis
461 1599 634 1635 mores
665 1581 833 1637 oderit
862 1583 1051 1635 umbra
1081 1593 1216 1636 tuos.
1851 1600 1933 1639 140

67 1691 69 1694 ι
101 1661 219 1707 tum
247 1670 460 1722 quoque
487 1651 748 1706 factorum
778 1653 987 1707 veniam
1017 1671 1219 1707 memor
1247 1652 1437 1706 umbra
1466 1662 1695 1716 tuorum,

175 1723 424 1793 insequar
452 1732 505 1778 et
534 1723 712 1778 vultus
743 1742 894 1778 ossea
923 1725 1094 1778 forma
1123 1735 1259 1777 tuos.
1727 1727 1737 1738 '

62 1841 66 1844 .
102 1794 216 1849 sive
246 1812 370 1866 eg0,
401 1794 545 1864 quod
573 1794 759 1859 nolim,
791 1796 962 1866 longis
993 1805 1338 1866 consumptus
1369 1794 1437 1848 ab
1469 1795 1635 1857 annis,

175 1865 286 1920 sive
315 1884 478 1919 manu
506 1864 648 1919 facta
674 1876 844 1920 morte
875 1867 1077 1920 solutus
1108 1885 1214 1929 ero,

102 1936 215 1991 sive
244 1955 340 2007 per
368 1936 632 1990 inmensas
661 1936 898 1991 iactabor
925 1938 1217 2007 naufragus
1248 1937 1434 2001 undas,
1850 1955 1929 1995 145

175 2016 461 2077 nostraque
490 2007 810 2078 longinquus
840 2008 1044 2062 viscera
1073 2008 1230 2079 piscis
1261 2008 1399 2071 edet,

55 2115 61 2118 -
101 2078 215 2133 sive
245 2077 556 2149 peregrinae
587 2088 802 2149 carpent
830 2098 949 2133 mea
979 2079 1504 2143 membravolucres,

61 2207 63 2213 Α
176 2149 287 2203 sive
317 2167 436 2202 meo
466 2149 708 2220 tinguent
737 2150 994 2221 sanguine
1024 2160 1192 2203 rostra
1222 2150 1349 2221 lupi,

54 2271 55 2274 ,
102 2220 215 2274 sive
245 2219 434 2290 aliquis
465 2219 712 2291 dignatus
743 2221 841 2274 erit
870 2239 1165 2291 supponere
1195 2230 1364 2275 terrae

175 2299 228 2345 et
257 2291 383 2345 dare
412 2291 620 2362 plebeio
652 2310 841 2362 corpus
871 2292 1026 2346 inane
1056 2311 1209 2362 rogo:
1848 2310 1930 2350 150

101 2361 356 2432 quicquid
386 2380 502 2426 er0,
533 2360 736 2433 Stygiis
767 2382 1041 2433 erumpere
1071 2363 1208 2415 nitar
1238 2363 1306 2416 ab
1337 2362 1439 2416 oris

176 2441 228 2487 et
256 2433 471 2487 tendam
498 2433 702 2504 gelidas
732 2434 872 2487 ultor
899 2435 954 2487 in
985 2452 1076 2487 ora
1106 2453 1310 2487 manus.

56 2512 83 2523 “
103 2522 190 2558 me
218 2503 444 2574 vigilans
475 2522 680 2559 cernes:
710 2505 880 2558 tacitis
911 2524 1012 2575 ego
1043 2506 1210 2558 noctis
1241 2505 1294 2557 in
1325 2504 1525 2558 umbris

177 2574 439 2628 excutiam
470 2593 681 2629 somnos
711 2576 855 2629 visus
886 2577 1070 2630 adesse
1101 2586 1236 2629 11100.

69 2658 75 2666 ·
101 2645 332 2715 denique
362 2646 615 2715 quicquid
645 2666 795 2717 ageS,
827 2657 948 2701 ante
978 2666 1036 2700 os
1066 2648 1354 2716 oculosque
1383 2647 1574 2700 volabo
1848 2664 1927 2704 155

122 2723 123 2726 ’
177 2726 229 2770 et
257 2734 471 2785 querar,
501 2726 554 2770 et
581 2717 728 2770 nulla
758 2718 881 2771 sede
912 2719 1131 2786 quietus,
1151 2718 1269 2771 eris.

52 2827 75 2835 „
103 2787 327 2840 verbera
356 2794 494 2841 torta
523 2787 726 2840 dabunt
755 2789 1010 2851 sonitum,
1040 2807 1315 2856 nexaeque
1346 2788 1576 2842 colubris

179 2857 390 2912 conscia
418 2856 703 2910 fumabunt
733 2877 940 2928 semper
969 2859 1037 2911 ad
1066 2877 1159 2911 ora
1188 2859 1348 2912 faces,

104 2928 188 2982 his
217 2928 370 2981 vivus
400 2928 577 2981 Furiis
607 2928 899 2998 agitabere,
930 2938 1169 2982 mortuus
1198 2929 1390 2982 isdem:

179 3007 232 3053 et
260 2998 471 3052 brevior
499 3017 670 3069 poena
699 2999 808 3052 vita
836 3000 1015 3052 futura
1043 3009 1135 3052 tua
1165 3009 1259 3052 est.
1852 3018 1934 3057 160

105 3087 206 3124 nec
233 3069 330 3122 tibi
360 3069 630 3140 continget
659 3069 820 3123 funus
850 3071 1201 3139 lacrimaeque
1232 3080 1469 3124 tuorum:

178 3141 566 3211 indeploratum
594 3140 847 3210 proiciere
879 3151 1061 3212 caput3

106 3210 472 3280 carnificisque
500 3230 686 3274 manU,
718 3213 912 3283 populo
943 3213 1251 3282 plaudente,
1283 3212 1522 3276 traheriS‚

179 3281 476 3351 infixusque
507 3283 612 3335 tuis
643 3283 848 3337 ossibus
880 3302 1048 3337 uncus
1079 3283 1192 3337 erit.

78 3406 81 3408 .
108 3351 255 3422 ipsae
285 3362 336 3406 te
365 3353 595 3423 fugient,
627 3372 764 3423 quae
795 3364 1018 3425 carpunt
1048 3354 1248 3416 omnia,
1280 3354 1549 3409 fiammae:
1856 3372 1935 3411 165

93 3445 98 3462 ¹
181 3432 393 3505 respuet
420 3424 649 3477 invisum
678 3425 818 3478 iusta
847 3426 1073 3479 cadaver
1103 3426 1312 3478 humus.

50 3565 55 3570 .
108 3493 380 3564 unguibus
411 3502 464 3548 et
491 3504 659 3555 rostro
690 3497 870 3550 tardus
901 3496 1071 3551 trahet
1099 3496 1191 3550 ilia
1222 3497 1420 3561 vultur,
