2158 3906
479 337 830 384 FASTORUM
859 337 980 382 LIB.
1016 338 1071 383 V.
1102 338 1343 382 485—570.

135 439 466 512 “coniugio’'
499 439 609 492 dixi
641 440 796 492 “sola
825 440 998 493 fruere
1029 438 1197 491 me0.’'

60 523 116 572 et
145 513 255 567 dixi
284 521 337 566 et
366 528 535 565 servo.
611 510 704 563 sed
736 511 874 563 enim
906 510 1113 562 diversa
1144 510 1385 562 voluntas

134 593 214 638 est
243 582 395 636 mihi-2
426 599 525 635 nec
556 581 809 642 coniunX,
842 580 933 633 sed
965 591 1115 650 pater
1144 600 1257 634 esse
1290 579 1444 633 volo.'

1 698 3 702 .
59 656 357 710 adnuerant
385 671 584 706 omnes.
659 670 840 704 omnes
872 652 940 703 ad
970 661 1120 721 terga
1149 651 1359 705 iuvenci

0 736 1 795 g
134 724 490 780 constiterant.
565 722 737 793 pudor
767 732 846 775 est
875 722 1123 775 ulteriora
1152 723 1312 791 loqui.

0 805 4 855 l
63 805 174 870 tum
205 794 560 866 superiniecta
589 802 767 847 texere
798 793 1064 847 madentia
1094 802 1254 846 terra:

0 860 3 943 ξ
132 867 342 935 iamque
374 855 558 919 decem
587 883 819 918 menses:
852 875 904 917 et
933 883 1067 934 puer
1096 874 1240 917 ortus
1272 874 1399 917 erat.

0 946 5 1038 ι
59 937 203 992 hunc
232 936 491 1006 Hyrieus,
523 936 649 1004 quia
679 935 755 989 sic
784 935 1020 1006 genitus,
1052 946 1206 988 vocat
1235 934 1459 988 Uriona.

0 1043 6 1130 Ρ
132 1007 363 1080 perdidit
391 1007 668 1076 antiquum
698 1006 873 1060 littera
902 1006 1072 1077 prima
1101 1025 1305 1059 sonum.

0 1135 6 1262 l

0 1271 3 1299 l

53 1087 301 1139 ‚creverat
330 1078 672 1132 immensum:
704 1077 949 1131 comitem
981 1077 1082 1130 sibi
1111 1076 1272 1131 Delia
1301 1076 1549 1147 sumpsit;

55 1181 57 1185 .
109 1150 220 1204 -ille
251 1150 381 1203 deae
412 1157 611 1212 custos,
641 1149 728 1202 ille
759 1149 967 1201 satelles
998 1157 1125 1201 erat.

31 1238 35 1242 ’
60 1221 225 1276 'verba
254 1229 470 1274 movent
497 1219 628 1272 iram
659 1237 765 1271 non
795 1219 1175 1287 circumspecta
1205 1218 1441 1271 deorum.

6 1356 8 1411 Ξ
61 1361 323 1433 Scorpion
351 1360 568 1413 immisit
598 1359 797 1413 Tellus.
871 1358 973 1411 fuit
1002 1359 1230 1429 impetus
1261 1358 1337 1411 illi

135 1451 297 1487 curva
366 1431 699 1501 emelliparae
731 1430 933 1500 spicula
962 1429 1099 1483 ferre
1131 1429 1279 1483 deae.

37 1503 267 1559 ‚obstitit
355 1502 485 1555 rion.
560 1502 772 1554 Latona
801 1500 1089 1554 nitentibus
1120 1501 1273 1553 astris

137 1573 337 1628 addidit
366 1582 418 1628 et
449 1573 643 1626 ‘meriti
673 1571 929 1643 praemia'
962 1571 1094 1624 dixit
1124 1570 1334 1626 ‘habel'

64 1715 178 1789 Sed
205 1715 333 1785 quid
363 1724 416 1770 et
446 1713 615 1768 Orion
648 1723 700 1768 et
730 1723 902 1768 cetera
934 1713 1106 1767 sidera
1136 1713 1335 1766 mundo

137 1787 321 1841 cedere
353 1786 628 1847 festinant,
657 1803 868 1854 noxque
900 1794 1099 1838 coartat
1129 1785 1259 1839 iter?

65 1859 195 1929 quid
225 1858 376 1911 solito
407 1857 560 1911 citius
590 1856 790 1925 liquido
821 1856 974 1908 iubar
1002 1873 1232 1924 aequore
1263 1855 1397 1909 tollit

137 1929 384 1993 candida,
415 1927 669 1981 Lucifero
699 1927 1093 1997 praeveniente,
1126 1928 1270 1980 dies?

139 2072 290 2124 Mars
319 2070 464 2124 venit
494 2079 546 2124 et
575 2069 790 2123 veniens
820 2069 1008 2122 bellica
1039 2069 1191 2139 signa
1220 2069 1383 2123 dedit.

63 2140 225 2196 Ultor
254 2141 327 2198 ad¹
350 2142 462 2211 ipse
494 2158 616 2194 suos
647 2141 792 2193 caelo
809 2138 1091 2194 'descendit
1121 2139 1346 2193 honores

137 2213 441 2283 templaque.
468 2211 523 2264 in
551 2212 801 2282 Augusto
833 2211 1203 2280 conspicienda
1232 2210 1366 2263 foro·

66 2274 120 2338 e't
150 2283 279 2337 deus
311 2292 390 2336 est
418 2283 605 2353 ingens
637 2292 689 2336 et
718 2300 875 2352 opus:
908 2282 1137 2335 debebat
1164 2282 1220 2334 in
1249 2282 1381 2335 urbe

7 2398 13 2412 Α,
137 2373 244 2408 non
273 2354 423 2408 aliter
451 2354 561 2407 nati
591 2353 741 2406 Mars
771 2353 1008 2407 habitare
1039 2353 1135 2405 sui.

66 2425 121 2479 di
198 2445 229 2479 a
260 2423 540 2495 Giganteis
570 2423 702 2477 haec
733 2433 855 2476 sunt
885 2423 1106 2477 delubra
1135 2424 1363 2493 tropaeis
1374 2444 1388 2487 3

55 2501 87 2530 Α
123 2445 261 2550 {nino
289 2495 404 2550 fera
435 2494 732 2550 Gradivum
765 2495 902 2548 bella
931 2513 1143 2548 movere
1174 2495 1340 2556 decet,

9 2570 12 2587 ¹
69 2586 163 2623 seu
192 2567 309 2637 quis
341 2567 409 2620 ab
436 2565 555 2620 Eoo
586 2584 682 2620 nos
711 2566 904 2637 impius
936 2565 1062 2619 orbe
1092 2566 1331 2628 lacesset,

141 2657 233 2692 seu
263 2638 380 2707 quis
411 2638 479 2691 ab
509 2638 731 2691 occiduo
762 2638 871 2691 sole
902 2637 1198 2690 domandus
1229 2637 1343 2690 erit.

69 2709 320 2781 prospicit
348 2709 666 2780 armipotens
696 2709 867 2778 operis
896 2708 1110 2778 fastigia
1139 2707 1332 2760 summi

141 2790 194 2834 et
221 2780 411 2850 probat
438 2780 663 2833 invictos
694 2798 900 2832 summa
928 2789 1105 2832 tenere
1137 2779 1285 2831 deos:

49 2851 320 2922 'prospicit
346 2851 403 2903 in
431 2850 634 2903 foribus
665 2850 903 2903 diversae
934 2851 1039 2903 tela
1067 2849 1288 2919 figurae,

142 2940 392 2990 armaque
421 2930 680 2974 terrarum
708 2921 870 2974 milite
900 2921 1039 2973 victa
1070 2938 1181 2972 suo·

73 2991 194 3046 hinc
223 2993 366 3047 videt
395 2992 619 3046 Aenean
649 3001 922 3045 oneratum
951 2991 1184 3061 pondere
1216 3008 1365 3044 sacro

144 3073 196 3117 et
223 3073 302 3117 tot
329 3063 511 3117 Iuleae
540 3063 825 3116 nobilitatis
856 3080 1005 3115 avos:

75 3133 195 3188 hinc
223 3135 368 3188 videt
396 3134 601 3188 Iliaden
631 3133 827 3187 umeris
857 3133 1007 3186 ducis
1037 3151 1184 3185 arma
1213 3132 1488 3196 ferentem,

145 3205 389 3274 claraque
419 3205 682 3276 dispositis
713 3214 832 3258 acta
861 3204 1077 3258 subesse
1107 3203 1250 3256 viriS.

147 3355 199 3400 et
227 3347 420 3410 visum,
451 3348 587 3400 lecto
618 3346 871 3410 Caesare,
901 3347 1071 3399 maius
1101 3364 1252 3416 opus.

75 3427 291 3471 voverat
319 3418 422 3472 hoc
449 3418 653 3472 iuvenis
682 3427 832 3480 tunc,
865 3437 986 3471 cum
1014 3418 1102 3488 pia
1132 3416 1343 3470 sustulit
1373 3436 1537 3470 arma.

148 3506 180 3540 a
208 3488 363 3543 tantis
393 3488 648 3560 Princeps
676 3489 1006 3559 incipiendus
1038 3498 1166 3542 erat.

135 1298 320 1361 ‘quam
350 1290 635 1359 nequeam'
671 1288 802 1342 dixit
833 1288 1091 1350 ‘vincere,
1122 1288 1267 1340 nulla
1297 1287 1411 1341 fera
1441 1285 1555 1340 est.’

64 2000 244 2063 fallor,
276 2019 345 2053 an
375 2016 521 2052 arma
552 1998 771 2052 sonant?
807 2016 913 2052 non
944 1998 1199 2061 fallimur,
1232 2018 1379 2051 arma
1409 1997 1694 2052 sonabantz

16 3263 17 3266 Ἴ
76 3285 275 3346 spectat
303 3286 356 3330 et
383 3276 631 3347 Augusto
661 3285 992 3346 praetextum
1020 3275 1232 3328 nomine
1262 3274 1545 3345 templumz

1705 325 1773 376 93

1803 595 1889 635 530

1801 950 1887 990 535

1804 1306 1889 1343 540

1805 1589 1889 1626 544

1607 1709 1867 1755 12an

1592 1767 1890 1803 LVD-MART·

1635 1810 1850 1845 lav-0180

1805 2087 1892 2126 550

1806 2442 1890 2482 555

1807 2797 1892 2836 560

1806 3153 1891 3192 565

1808 3508 1893 3545 570
