2158 3906
344 302 416 356 84
897 310 952 353 P.
986 308 1192 353 OVIDII
1223 307 1493 353 NASONIS

422 415 609 467 stabat.
684 430 818 479 quae
850 410 1023 462 standi
1055 428 1175 461 cum
1205 409 1346 462 Lare
1378 428 1538 461 causa
1566 409 1697 461 fuit?

351 495 524 539 servat
554 493 773 549 uterque
806 481 1043 532 domum:
1076 480 1287 531 domino
1318 497 1529 548 quoque
1558 480 1695 532 fidus
1726 489 1966 548 uterque.

236 576 317 614 140
420 555 648 623 compita
677 561 830 621 grata
861 551 983 612 deo,
1017 551 1245 619 compita
1273 560 1425 619 grata
1456 551 1588 603 cani.

348 625 617 695 exagitant
648 633 698 675 et
729 622 840 673 Lar
870 631 921 673 et
952 622 1107 673 turba
1136 621 1333 673 Diania
1362 621 1523 674 fures.

417 694 835 764 pervigilantque
865 691 1058 755 Lares,
1090 692 1510 761 pervigilantque
1543 711 1715 744 canes·

345 766 471 818 bina
500 764 847 833 gemellorum
876 763 1196 831 quaerebam
1227 764 1378 833 signa
1409 764 1645 825 deorum,

416 836 615 888 viribus
648 853 876 886 annosae
907 834 1049 886 facta
1080 833 1280 885 caduca
1308 852 1511 886 morae:

234 925 313 964 145
344 907 485 959 mille
515 906 685 957 Lares
720 903 1060 972 Geniumque
1093 905 1265 966 ducis,
1297 904 1387 971 qui
1417 904 1632 956 tradidit
1660 904 1794 967 illos,

415 977 542 1029 urbs
573 976 756 1037 habet,
789 985 840 1028 01
870 975 973 1028 vici
1002 975 1221 1027 numina
1250 975 1386 1026 trina
1416 975 1610 1027 colunt..

344 1066 450 1117 quo
481 1047 653 1100 feror?
683 1047 964 1115 Augustus
995 1046 1189 1098 mensis
1220 1045 1348 1097 mihi
1379 1046 1622 1098 carminis
1653 1045 1809 1097 huius

414 1120 496 1171 ius
526 1118 702 1170 habet.
778 1118 979 1170 interea
1008 1117 1152 1169 Diva
1183 1116 1420 1169 canenda
1450 1117 1603 1168 Bona
1633 1126 1726 1169 est.

346 1198 422 1243 est
453 1189 619 1242 moles
649 1189 827 1240 nativa
856 1189 988 1241 loco.
1063 1207 1146 1240 res
1177 1188 1390 1240 nomina
1419 1187 1567 1240 fecit:

233 1279 314 1319 150
420 1260 687 1330 appellant
719 1258 946 1312 Saxum:
978 1278 1100 1328 pars
1131 1258 1271 1310 bona
1301 1258 1492 1311 montis
1524 1278 1587 1311 ea
1617 1267 1711 1310 est.

344 1332 467 1384 huic
498 1332 698 1384 Remus
728 1331 986 1382 institerat
1017 1330 1234 1391 frustra,
1267 1338 1637 1398 quo·tempore
1667 1328 1818 1381 fratri

416 1403 609 1471 prima,
639 1401 939 1463 Palatinae,
972 1401 1124 1469 signa
1155 1400 1393 1462 dedistis,
1426 1419 1565 1453 aves.
2157 1441 2158 1453 ,

345 1474 542 1542 templa
572 1481 745 1541 patres
776 1472 881 1524 illic
912 1473 1091 1524 oculos
1124 1490 1283 1524 exosa
1313 1470 1474 1523 virilis
2157 1466 2158 1532 l

416 1544 603 1596 leniter
633 1542 818 1595 acclini
850 1543 1165 1595 constituere
1196 1543 1337 1611 iugo·
2156 1545 2158 1590 1

234 1632 314 1672 155
349 1615 557 1667 dedicat
586 1613 717 1666 haec
748 1614 939 1666 veteris
973 1611 1289 1665 Clausorum
1319 1612 1544 1664 nominis
1575 1612 1744 1675 1101οε,

416 1685 653 1755 virgineo
684 1685 889 1736 nullum
921 1702 1136 1754 corpore
1175 1703 1330 1753 passa
1360 1683 1547 1734 virum.

345 1756 504 1808 Livia
534 1755 783 1817 restituit,
815 1774 881 1807 ne
911 1773 1018 1806 non
1048 1755 1249 1806 imitata
1279 1754 1527 1805 maritum

418 1835 555 1879 esset
586 1835 637 1879 01
669 1845 735 1879 ex
766 1826 908 1878 omni
939 1835 1086 1895 parte
1118 1834 1299 1877 secuta
1330 1825 1518 1876 virum.

344 1968 568 2022 Postera
599 1987 719 2021 cum
749 1986 954 2020 roseam
984 1967 1149 2036 pulsis
1174 1966 1496 2036 Hyperionis
1522 1966 1673 2019 astris
1705 1963 1750 2008 2·
1775 1964 1885 2021 [BF
1899 1964 2054 2020 LVDI]

233 2056 315 2095 160
417 2039 472 2091 in
501 2038 771 2091 matutinis
801 2039 1047 2107 lampada
1077 2039 1223 2091 tollet
1254 2038 1419 2105 equis,

344 2110 569 2180 frigidus
601 2118 833 2179 argestes
864 2128 1096 2161 summas
1126 2109 1379 2162 mulcebit
1409 2109 1610 2169 aristaS‚

417 2181 744 2248 candidaque
776 2200 807 2232 a
839 2180 981 2233 canis
1012 2180 1130 2233 vela
1161 2180 1426 2232 dabuntur
1456 2179 1624 2247 aquis.

346 2260 399 2304 at
430 2252 585 2303 simul
614 2251 866 2304 inducent
897 2251 1121 2303 obscura
1151 2251 1461 2320 crepuscula
1489 2260 1715 2312 noctem,

415 2341 536 2392 pars
567 2323 824 2390 Hyadum
854 2331 963 2374 toto
996 2322 1061 2374 de
1091 2340 1254 2391 grege
1285 2321 1431 2372 n-ulla
1459 2321 1602 2373 latet.

235 2411 314 2450 165
348 2411 440 2445 ora
468 2393 664 2445 micant
694 2392 859 2444 Tauri
890 2401 1090 2460 septem
1121 2391 1379 2443 radiantia
1408 2390 1650 2453 flammis,

417 2464 607 2515 navita
626 2481 757 2530 quas
788 2464 1010 2531 Hyadas
1044 2461 1239 2515 Graius
1271 2463 1338 2514 ab
1368 2462 1536 2514 imbre
1570 2470 1738 2514 vocat.

345 2554 468 2604 pars
499 2534 774 2586 Bacchum
803 2534 1029 2585 nutrisse
1061 2543 1233 2602 putat3
1265 2552 1386 2602 pars
1417 2533 1636 2585 credidit
1667 2551 1782 2586 esse

418 2605 655 2673 Tethyos
687 2604 780 2656 has
812 2614 994 2673 neptes
1027 2602 1338 2672 Oceanique
1369 2604 1524 2655 senis.

345 2676 581 2728 nondum
611 2675 784 2727 stabat
814 2676 967 2726 Atlas
998 2694 1206 2727 umeros
1239 2684 1483 2726 oneratus
1516 2672 1768 2743 Olympo,

235 2765 317 2803 170
418 2765 538 2799 cum
570 2756 714 2798 satus
745 2755 824 2798 est
853 2747 1024 2797 forma
1054 2743 1454 2815 conspiciendus
1483 2746 1652 2813 Hyas.

345 2817 488 2869 hunc
519 2817 673 2887 stirps
706 2815 911 2869 Oceani
942 2816 1158 2868 maturis
1189 2816 1399 2868 nixibus
1432 2816 1636 2868 Aethra

418 2888 604 2950 edidit,
637 2898 688 2940 et
719 2888 1001 2957 nymphas:
1034 2887 1126 2940 sed
1156 2888 1298 2957 prior
1329 2895 1471 2939 ortus
1503 2885 1672 2956 HyaS.

278 2991 282 2996 ·
347 2959 475 3010 dum
504 2977 641 3011 nova
669 2960 865 3028 lanugo
898 2968 998 3020 est,
1030 2958 1248 3028 pavidos
1279 2958 1557 3010 formidine
1589 2974 1771 3010 cervos

417 3039 600 3092 terret,
631 3039 681 3082 et
713 3040 792 3082 est
820 3030 896 3081 illi
926 3029 1123 3099 praeda
1154 3030 1385 3098 benigna
1413 3030 1579 3098 lepus,

236 3117 315 3156 175
348 3108 402 3152 at
431 3109 709 3169 postquam
741 3101 907 3152 virtus
940 3100 1088 3152 annis
1121 3100 1372 3161 adolevit,
1404 3099 1460 3150 in
1490 3117 1644 3168 apros

419 3172 576 3223 audet
607 3181 658 3223 et
688 3171 915 3222 hirsutas
947 3170 1237 3222 comminus
1268 3170 1343 3222 ire
1372 3169 1528 3221 feras.

349 3241 580 3308 dumque
611 3242 742 3309 petit
769 3241 996 3292 latebras
1027 3241 1166 3293 fetae
1197 3241 1503 3307 catulosque
1534 3240 1765 3303 leaenae,

417 3312 531 3380 ipse
561 3311 661 3363 fuit
692 3311 930 3380 Libycae
961 3311 1157 3380 praeda
1188 3320 1404 3363 cruenta
1433 3311 1563 3362 leae.

345 3392 513 3435 mater
542 3383 705 3451 Hyan
736 3390 786 3434 et
816 3383 979 3450 Hyan
1008 3391 1238 3434 maestae
1268 3382 1461 3434 flevere
1494 3399 1695 3434 sorores

235 3470 316 3509 180
419 3453 778 3520 cervicemque
809 3453 930 3522 polo
961 3452 1327 3522 suppositurus
1358 3452 1529 3504 Atlas.
