2158 3906
510 345 825 412 TRISTIUM
853 366 974 412 Lm.
1007 366 1065 414 v.
1097 366 1184 419 lx,
1216 366 1414 425 15-xl,
1443 367 1486 412 s.
1754 351 1859 408 195

145 487 264 524 cum
293 465 507 521 minime
539 467 749 531 credas,
780 476 839 521 ut
868 468 1004 531 aviS,
1036 467 1379 522 densissimus
1408 465 1575 521 hostis

213 538 424 592 advolat
454 547 507 592 et
535 538 787 608 praedam
817 538 907 591 vix
938 539 1072 593 bene
1103 539 1247 592 visus
1278 538 1406 610 agit.
1887 550 1944 593 20

145 628 300 681 saepe
330 608 469 662 intra
498 627 677 662 muros
709 610 900 662 clausis
931 609 1197 664 venientia
1225 609 1389 680 portis

212 698 307 752 per
337 679 537 733 medias
568 680 794 749 legimus
823 680 984 734 noxia
1013 682 1119 734 tela
1148 680 1278 734 vias.

145 761 224 807 est
250 750 411 822 igitur
439 769 614 814 rarus,
645 769 735 804 rus
766 751 857 820 qui
888 752 1059 805 colere
1090 751 1307 815 audeat,
1338 751 1489 821 isque

212 822 312 876 hac
342 829 455 875 arat
483 821 692 885 infelix,
722 821 822 875 hac
853 830 995 876 tenet
1025 841 1172 875 arma
1200 841 1378 876 manu.

145 892 242 948 sub
271 892 426 964 galea
455 901 634 963 pastor
662 892 853 946 iunctis
885 893 1000 963 pice
1032 902 1209 947 cantat
1239 893 1437 958 avenis,
1886 907 1944 948 25

213 981 412 1035 proque
442 964 568 1034 lupo
599 964 822 1034 pavidae
852 964 992 1018 bella
1021 973 1270 1018 verentur
1299 982 1444 1019 oves.

6 1067 7 1074 κ
142 1035 231 1090 vix
261 1053 360 1106 ope
391 1034 592 1089 castelli
623 1035 971 1088 defendimur.
1046 1044 1097 1089 et
1128 1045 1306 1089 tamen
1335 1035 1474 1089 intra

57 1104 66 1109 “
211 1105 377 1159 mixta
406 1105 535 1159 facit
567 1104 790 1160 Graecis
822 1106 1046 1159 barbara
1076 1106 1233 1159 turba
1261 1114 1480 1160 metum.

55 1232 57 1234 ,
142 1176 338 1248 quippe
371 1177 527 1230 simul
555 1177 709 1230 nobis
739 1177 942 1230 habitat
972 1177 1271 1230 discrimine
1302 1177 1447 1229 nullo

213 1247 470 1301 barbarus
501 1255 554 1302 et
582 1248 706 1302 tecti
736 1249 855 1318 plus
885 1266 1097 1317 quoque
1127 1256 1276 1317 parte
1308 1255 1469 1301 tenet.
1882 1261 1940 1303 8ο

141 1337 274 1389 quos
304 1327 364 1371 ut
392 1336 500 1372 non
529 1318 739 1382 timeas,
769 1319 939 1388 possis
969 1318 1143 1371 odisse
1173 1316 1402 1371 videndo

62 1458 65 1461 Α
211 1390 438 1461 pellibus
469 1398 522 1444 et
549 1390 710 1460 longa
741 1408 960 1459 corpora
989 1398 1127 1442 tecta
1158 1406 1326 1441 coma.

59 1463 74 1518 ,ἑ
140 1459 237 1514 hos
267 1479 504 1530 quoque,
535 1461 628 1530 qui
658 1459 821 1531 geniti
853 1458 1020 1513 Graia
1049 1459 1336 1512 creduntur
1367 1459 1435 1512 ab
1465 1458 1616 1523 urbe,

210 1550 306 1603 pro
336 1531 505 1602 patrio
537 1531 683 1584 cultu
712 1530 930 1584 Persica
960 1530 1120 1583 braca
1152 1529 1299 1600 tegit.

11 1602 12 1605 ’
141 1611 386 1657 exercent
414 1601 491 1655 illi
520 1601 693 1655 sociae
724 1600 1039 1655 commercia
1067 1600 1305 1671 linguae:
1884 1617 1937 1657 35

211 1691 305 1744 per
333 1681 543 1744 gestum
574 1691 657 1726 res
688 1680 768 1726 est
797 1672 1144 1743 significanda
1173 1670 1319 1724 mihi.

141 1745 396 1798 barbarus
424 1742 511 1798 hic
540 1762 569 1797 e
610 1761 641 1796 o
673 1762 812 1806 sum,
844 1743 970 1813 quia
1005 1762 1113 1796 non
1142 1742 1421 1813 intellegor
1449 1742 1561 1807 ulli,

212 1824 263 1869 et
291 1815 464 1869 rident
493 1822 572 1868 sto
594 1814 667 1868 idi
697 1814 860 1868 verba
890 1814 1087 1868 Latina
1117 1812 1307 1869 Getae.

141 1904 329 1956 meque
359 1886 534 1957 palam
566 1885 631 1939 de
661 1905 746 1939 me
777 1895 890 1939 tuto
922 1886 1062 1939 mala
1092 1904 1250 1955 saepe
1280 1885 1594 1954 loquuntur;

211 1957 430 2011 forsitan
460 1956 696 2011 obiciunt
726 1956 1046 2025 exiliumque
1078 1956 1224 2009 mihi.
1883 1973 1940 2012 40

141 2037 305 2098 utque
334 2027 416 2090 fit,
447 2027 503 2081 in
534 2046 619 2082 me
649 2027 848 2097 aliquid
879 2027 981 2080 dici
1011 2027 1308 2081 dicentibus
1338 2026 1458 2090 illis,

213 2099 489 2154 abnuerim
518 2099 763 2168 quotiens
795 2098 1198 2167 adnuerimque‚
1230 2107 1377 2168 puto,

143 2169 301 2234 adde,
333 2170 476 2239 quod
504 2169 758 2223 iniustum
787 2170 959 2239 rigido
989 2169 1071 2223 ius
1102 2169 1293 2222 dicitur
1322 2186 1463 2231 ense,

207 2238 405 2295 'dantur
435 2250 487 2295 et
515 2241 570 2294 in
600 2241 774 2308 medio
806 2241 1025 2294 vulnera
1055 2259 1213 2311 saepe
1244 2239 1376 2293 foro·

144 2330 175 2366 o
205 2313 391 2366 duram
421 2311 729 2374 Lachesim,
762 2330 898 2381 quae
928 2321 1038 2365 tam
1068 2330 1231 2382 grave
1262 2311 1408 2364 sidus
1439 2309 1657 2364 habenti
1881 2327 1938 2367 45

213 2384 301 2437 fila
332 2383 475 2437 dedit
503 2383 643 2437 vitae
673 2402 780 2436 non
810 2383 1053 2437 breviora
1081 2381 1255 2436 meae!

144 2455 284 2524 quod
313 2454 514 2525 patriae
543 2455 695 2508 vult-u
724 2463 1005 2523 vestroque
1037 2472 1301 2516 caremuS‚
1333 2452 1506 2515 amici,

215 2544 435 2595 sumque
465 2526 609 2594 quod
638 2526 693 2579 in
725 2524 928 2580 Geticis
958 2525 1231 2595 gentibus,
1263 2543 1385 2578 ecce
1415 2541 1632 2592 querorz

17 2604 18 2610 ’
80 2622 84 2626 ’
143 2605 364 2666 utraque
394 2615 565 2666 poena
594 2597 795 2666 gravis3
826 2598 994 2650 merui
1025 2605 1202 2649 tamen
1232 2595 1363 2649 urbe
1395 2614 1589 2658 carere,
1898 2648 1901 2652 Α

65 2667 68 2670 ’
213 2686 320 2720 non
349 2667 518 2721 merui
546 2668 639 2720 tali
667 2668 888 2721 forsitan
918 2687 1032 2722 esse
1062 2668 1196 2720 loco.
1884 2683 1942 2723 50

146 2738 273 2807 quid
302 2739 511 2806 loquor,
543 2737 597 2790 a}
631 2738 878 2791 demens?
906 2739 1078 2808 ipsam
1108 2756 1320 2807 quoque
1351 2737 1574 2808 perdere
1603 2736 1785 2800 vitam,

217 2807 462 2863 Caesaris
493 2807 694 2862 offenso
724 2808 965 2872 numine,
997 2809 1189 2879 dignus
1221 2807 1391 2863 eram!

950 2921 1058 2973 XI.

92 3067 96 3071 .
147 3020 308 3089 Quod
338 3029 390 3075 te
418 3021 595 3075 nescio
627 3021 744 3090 quis
774 3040 869 3091 per
897 3020 1070 3090 iurgia
1100 3019 1290 3073 dixerit
1320 3038 1436 3074 esse

218 3092 385 3145 exulis
415 3111 659 3155 uxorem,
690 3092 865 3145 littera
894 3100 1081 3161 questa
1110 3099 1202 3144 tua
1232 3100 1326 3144 est.

147 3162 346 3216 indolui
376 3193 448 3201 —-
475 3181 574 3217 nec
604 3173 712 3216 tam
742 3183 861 3216 mea
891 3162 1036 3232 quod
1064 3162 1278 3215 fortuna
1307 3162 1444 3216 male
1475 3161 1638 3225 audit,

221 3234 310 3303 qui
338 3234 444 3287 iam
475 3234 723 3288 consuevi
753 3234 956 3287 fort-iter
985 3253 1101 3287 esse
1130 3234 1311 3287 miser:

151 3322 310 3373 quam
340 3305 505 3374 quod,
537 3305 623 3360 cui
652 3305 868 3359 minime
898 3305 1114 3368 vellem,
1144 3324 1263 3358 sum
1293 3323 1454 3359 causa
1482 3303 1715 3374 pudoris,
1889 3320 1915 3360 5

221 3384 376 3444 teque
405 3395 523 3430 reor
551 3377 740 3430 nostris
772 3376 1043 3430 erubuisse
1074 3376 1239 3429 malis,

145 3445 328 3518 ⁴perfer
357 3455 410 3501 et
438 3447 664 3501 obdura!
695 3449 861 3501 multo
891 3448 1135 3519 graviora
1165 3447 1347 3512 tulisti,

226 3516 417 3588 eripuit
445 3536 567 3572 cum
595 3539 680 3574 me
710 3519 963 3590 principis
994 3519 1074 3573 ira
1102 3518 1214 3572 tibi.

67 2523 91 2532 x

1494 3600 1582 3643 13*
