2158 3906
415 382 729 430 TRISTIUM
759 383 880 428 LIB.
913 384 995 430 IV.
1029 384 1092 441 11,
1124 384 1327 441 51—111,
1358 384 1428 429 62.
1679 368 1780 422 171

67 484 300 543 vultibus
329 483 418 538 illa
448 483 553 537 tuis
585 493 854 553 tamquam
885 486 1174 556 praesentis
1205 485 1457 547 inhaeret,

142 567 298 639 teque
327 563 528 609 remota
597 556 768 619 rocul,
800 556 843 609 si
873 557 1031 609 modo
1064 556 1217 619 vivit,
1251 565 1408 609 amat.
1438 583 1511 595 —-
1814 568 1871 609 20

65 645 132 684 ec
169 626 284 689 md,
313 625 413 679 ubi¹
435 625 556 679 inou
599 626 676 678 uit
706 626 844 680 iusto
873 646 1023 681 mens
1054 646 1214 698 aegra
1246 626 1430 689 dolori,

161 697 271 753 enis
301 696 370 750 ab
401 696 669 750 admonito
699 706 909 766 pectore
941 716 1156 751 somnus
1189 697 1330 751 abit?

67 788 198 825 num
227 766 456 821 subeunt
481 785 668 830 curae,
700 767 827 820 dum
857 777 910 821 te
940 769 1212 838 lectusque
1242 769 1496 838 locusque

141 837 310 910 tangit
339 846 392 892 et
420 837 638 895 oblitam
667 856 775 891 non
806 838 928 892 sinit
958 858 1073 893 esse
1104 839 1223 902 mei,

66 920 125 967 et
152 909 369 964 veniunt
397 917 641 992 questus,
673 913 724 963 et
754 927 861 963 nox
891 910 1130 964 inmensa
1160 909 1385 974 videtur,
1813 922 1871 963 25

141 981 385 1049 fessaque
415 980 593 1034 lactati
624 981 856 1051 corporis
887 999 1008 1034 ossa
1039 981 1255 1035 dolent?

69 1070 176 1109 non
207 1050 454 1121 equidem
484 1050 692 1114 dubito,
724 1051 851 1120 quin
881 1051 1013 1105 haec
1043 1061 1096 1106 et
1126 1061 1299 1106 cetera
1330 1052 1476 1114 fiant,

56 1137 67 1190 j
142 1121 335 1191 detque
366 1131 488 1175 tuus
519 1122 705 1175 maesti
736 1123 888 1192 signa
917 1122 1110 1175 doloris
1143 1140 1306 1185 amor,

67 1211 169 1250 nec
199 1192 430 1247 cruciere
460 1192 657 1254 minus,
692 1211 851 1262 quam
883 1211 1004 1246 cum
1034 1193 1291 1246 Thebana
1324 1201 1602 1245 cruentum

13 1316 14 1321 ,
141 1265 376 1318 Hectora
405 1263 712 1317 Thessalico
742 1263 871 1317 vidit
902 1263 969 1316 ab
1001 1281 1099 1317 axe
1129 1263 1260 1332 rapi.
1813 1275 1870 1316 30

12 1359 14 1364 ’
66 1335 200 1406 quid
230 1344 406 1389 tamen
435 1334 548 1405 ipse
578 1352 785 1405 precer,
818 1334 1025 1396 dubito;
1057 1351 1155 1387 nec
1186 1333 1358 1386 dicere
1390 1351 1625 1402 possum,

13 1407 15 1410 ’
143 1406 392 1459 affectum
423 1423 582 1474 quem
611 1414 663 1459 te
693 1405 883 1459 mentis
914 1404 1108 1458 habere
1140 1403 1315 1457 velim.

66 1475 350 1532 tristis³es?
378 1475 648 1546 indignor,
681 1475 824 1544 quod
856 1494 972 1528 sum
1003 1474 1097 1527 tibi
1129 1492 1288 1528 causa
1319 1473 1537 1526 doloris:

14 1597 16 1602 .
141 1565 244 1600 non
278 1547 366 1601 es?
395 1554 449 1599 at
478 1546 669 1599 amisso
701 1546 924 1616 coniuge
955 1545 1139 1613 digna,
1171 1544 1327 1599 fores.

69 1627 131 1675 tu
159 1635 284 1672 vero
314 1626 407 1670 tua
437 1615 630 1670 damna
660 1615 803 1680 dole,
834 1616 1109 1670 mitissima
1140 1616 1385 1677 coniunx,
1813 1630 1868 1670 35

142 1698 349 1760 tempus
379 1696 431 1742 et
462 1706 494 1740 a
521 1687 713 1741 nostris
744 1688 898 1758 exige
929 1688 1075 1741 triste
1106 1687 1275 1749 malis,

69 1761 242 1829 fleque
272 1776 416 1814 meos
447 1776 623 1812 casus:
656 1767 736 1813 est
765 1759 1025 1828 quaedam
1057 1759 1181 1812 flere
1212 1758 1481 1829 voluptas3

144 1830 383 1902 expletur
410 1829 637 1883 lacrimis
667 1830 1001 1900 egeriturque
1034 1830 1198 1883 dolor.

68 1911 231 1972 atque
260 1901 462 1955 utinam
490 1900 724 1972 lugenda
752 1901 847 1954 tibi
877 1919 982 1954 non
1013 1901 1146 1964 vita,
1179 1900 1271 1954 sed
1302 1909 1439 1953 essct

144 1991 284 2026 mors
314 1991 455 2026 mea:
488 1980 653 2026 morte
683 1971 821 2026 fores
853 1972 963 2025 sola
993 1972 1174 2025 relicta
1204 1971 1345 2024 mea!
1811 1986 1870 2025 40

68 2043 285 2115 spiritus
316 2042 401 2096 hic
430 2061 595 2114 prope
626 2054 677 2097 te
707 2043 902 2113 patrias
934 2043 1127 2096 exisset
1158 2043 1212 2095 in
1243 2061 1414 2103 auras,

70 2135 71 2138 ¹
145 2114 460 2186 sparsissent
487 2114 734 2168 lacrimae
766 2133 986 2184 corpora
1016 2124 1195 2167 nostra
1223 2113 1359 2183 piae,

68 2203 427 2256 supremoque
457 2184 541 2238 die
572 2194 754 2238 notum
786 2185 1075 2255 spectantia
1106 2185 1310 2238 caelum

143 2256 396 2310 texissent
426 2255 576 2326 digiti
605 2256 806 2309 lumina
834 2266 1014 2308 nostra
1044 2256 1136 2318 tui,

70 2336 128 2382 et
157 2327 285 2381 cinis
314 2326 369 2380 in
399 2326 602 2380 tumulo
632 2327 833 2410 positus
864 2327 1109 2380 iacuisset
1141 2327 1298 2389 avitO,
1811 2340 1868 2380 45

145 2407 389 2468 tactaque
419 2408 655 2451 nascenti
685 2416 874 2469 corpus
907 2397 1121 2451 haberet
1153 2397 1368 2449 humus:

64 2468 323 2539 denique,
368 2468 448 2523 uti
477 2467 613 2531 vixi,
651 2469 762 2523 sine
792 2469 1007 2522 crimine
1062 2479 1300 2521 mortuus
1333 2486 1519 2531 essem,

146 2559 242 2594 nec
270 2559 389 2605 mea
419 2540 676 2623 supplicio
707 2540 814 2593 vita
843 2539 1091 2610 pudenda
1121 2540 1271 2592 foret.

75 2629 161 2665 me
190 2611 460 2674 miserum,
492 2629 536 2664 sl
565 2619 647 2675 tu,
679 2629 801 2664 cum
831 2611 1018 2665 diceris
1050 2611 1218 2664 exulis
1249 2628 1399 2672 uxor,

17 2692 20 2702 ’
70 2703 84 2749 g
149 2682 339 2736 avertis
370 2681 547 2735 vult-us
578 2691 630 2735 et
661 2682 801 2734 subit
832 2701 922 2735 ora
954 2682 1138 2734 rubor!
1813 2696 1871 2735 5ο

78 2770 162 2806 me
193 2753 463 2815 miserum,
495 2752 539 2804 si
568 2761 721 2823 turpe
751 2762 905 2823 putas
936 2753 1063 2804 mihi
1094 2762 1259 2822 nupta
1290 2751 1479 2804 videri!

80 2839 83 2841 ’
148 2842 231 2876 me
263 2824 535 2886 miserum,
566 2823 610 2876 si
639 2832 690 2877 te
719 2822 824 2876 iam
854 2823 1017 2893 pudet
1047 2842 1162 2876 esse
1191 2822 1389 2875 meam!

78 2901 284 2965 tempus
314 2893 407 2947 ubi
436 2902 515 2947 est
542 2893 702 2957 illud,
735 2912 840 2962 quo
871 2905 922 2947 te
953 2894 1147 2947 iactare
1178 2892 1383 2946 solebas

150 2965 372 3035 coniuge
403 2982 502 3018 nec
531 2982 724 3018 nomen
755 2965 1084 3017 dissimulare
1115 2964 1244 3017 viri?

79 3043 286 3106 templis
311 3035 409 3088 ‘ubi
438 3044 541 3098 est,
573 3052 679 3103 quo
710 3045 761 3089 te
792 3066 862 3074 -—
891 3035 993 3087 nisi
1021 3053 1127 3087 non
1158 3035 1237 3087 vis
1269 3034 1358 3086 illa
1386 3033 1571 3087 referri
1600 3063 1674 3073 —·
1817 3051 1872 3090 55

152 3115 204 3160 et
233 3106 335 3178 dici
363 3105 627 3175 (memini)
656 3106 788 3159 iuvit
818 3116 868 3160 et
900 3125 1014 3159 esse
1046 3105 1253 3159 meam?

82 3185 242 3246 utque
271 3177 470 3248 probae
500 3177 720 3247 dignum
751 3187 852 3240 est,
884 3177 1026 3230 omni
1057 3177 1154 3229 tibi
1184 3176 1305 3229 dote
1335 3175 1637 3246 placebam:

120 3306 124 3310 ‚
154 3246 385 3302 addebat*
408 3247 546 3302 veris
576 3249 742 3301 multa
771 3248 997 3301 faventis
1030 3266 1192 3301 amor.

40 3339 47 3343 ·
83 3334 206 3381 neo,
236 3336 394 3388 quem
422 3319 715 3390 praeferres
744 3350 818 3357 —
846 3320 918 3372 ita
948 3339 1031 3373 res
1062 3319 1158 3375 tibi
1188 3337 1383 3388 magna
1413 3318 1633 3371 videbar
1661 3348 1741 3357 -—

157 3402 418 3458 quemque
447 3399 598 3443 tuum
628 3391 809 3445 malles
842 3410 980 3452 esse,
1011 3390 1091 3443 vir
1122 3390 1252 3443 alter
1282 3400 1409 3443 erat.
1822 3408 1878 3447 60

86 3475 228 3513 nunc
255 3476 465 3530 quoque
493 3480 562 3515 ne
591 3462 813 3531 pudeat,
845 3462 988 3529 quod
1019 3461 1089 3514 sis
1121 3461 1250 3516 mihi
1279 3472 1468 3530 nupta:
1502 3471 1731 3530 tuusque

159 3547 265 3584 non
297 3530 454 3586 debet
485 3531 632 3586 dolor
662 3532 807 3595 hinc,
840 3533 994 3586 debet
1027 3533 1211 3586 abesse
1242 3532 1428 3602 pudor.
