2158 3906
515 328 865 377 FAs'roRUM
894 329 1016 374 Lm.
1046 329 1106 376 v.
1137 330 1380 376 313—399.
1738 320 1811 374 89

97 451 166 488 an
194 430 318 502 quia
347 430 564 484 maturis
596 431 817 485 albescit
846 430 1029 485 messis
1061 431 1250 495 aristis,

167 512 220 557 et
249 502 392 556 color
421 509 473 556 et
503 502 704 584 species
735 502 952 555 floribus
983 503 1152 556 omnis
1182 503 1350 557 inest?

97 573 302 635 adnuit,
334 581 386 626 et
414 582 569 625 motis
599 573 754 627 flores
785 572 1021 626 cecidere
1052 574 1274 643 capillis,

167 643 404 698 accidere
431 642 490 698 in
517 662 727 697 mensas
757 652 816 696 ut
845 662 966 697 rosa
994 644 1156 698 missa
1187 646 1334 699 solet.
1837 663 1926 705 360

93 714 295 770 lumina
323 714 616 776 restabant,
648 732 873 783 quorum
902 733 989 768 me
1019 733 1181 769 causa
1209 717 1432 781 latebat3

167 804 287 839 cum
318 784 394 839 sic
423 803 623 839 errores
654 786 870 839 abstulit
898 786 990 839 illa
1018 805 1190 839 meos:

96 857 204 911 ‘vel
233 855 358 925 quia
385 856 665 928 purpureis
697 857 958 911 collucent
986 857 1203 911 floribus
1234 859 1369 929 agri,

163 927 366 981 lumina
395 937 517 981 sunt
545 936 752 981 nostros
783 928 898 981 visa
929 927 1115 981 decere
1146 929 1281 982 dies:

9 1019 11 1021 ’
92 997 178 1052 vel
208 998 333 1068 quia
361 1017 460 1052 nec
489 999 585 1052 flos
616 1008 695 1053 est
724 999 899 1053 hebeti
930 1018 1028 1053 nec
1058 1000 1273 1053 flamma
1302 1000 1495 1065 colore,
1836 1018 1924 1060 365

164 1077 323 1138 atque
354 1070 534 1123 oculos
564 1069 620 1124 in
651 1089 707 1124 se
737 1070 985 1141 splendor
1013 1079 1235 1139 uterque
1266 1071 1449 1125 trahit:

10 1201 11 1204 Ἴ
92 1140 177 1193 vel
208 1140 333 1209 quia
363 1139 563 1194 deliciis
592 1150 850 1194 nocturna
878 1141 1090 1194 licentia
1118 1142 1310 1194 nostris

163 1211 423 1264 convenit.
497 1231 530 1265 a
558 1230 684 1266 vero
714 1212 867 1265 tertia
897 1230 1058 1265 causa
1087 1212 1265 1265 venit.'

92 1285 194 1336 ‘est
223 1281 384 1335 breve
412 1290 709 1352 praeterea,
741 1282 807 1336 de
837 1300 943 1350 quo
975 1281 1103 1334 mihi
1134 1300 1388 1350 quaerere
1420 1292 1604 1348 restat,

162 1351 206 1405 si
233 1351 412 1406 liceat’
445 1352 572 1405 dixi.
647 1352 779 1405 dixit
810 1362 862 1406 et
890 1352 981 1405 illa
1012 1352 1206 1406 ‘licetl’
1834 1374 1923 1414 370

90 1426 209 1477 ‘cur
237 1422 333 1476 tibi
362 1441 458 1494 pro
490 1422 710 1493 Libycis
741 1423 1060 1477 clauduntur
1088 1433 1199 1477 rete
1230 1424 1428 1478 leaenis

159 1493 396 1548 imbelles
427 1512 648 1565 capreae
679 1494 1037 1562 sollicitusque
1068 1494 1273 1565 lepus?’

10 1531 11 1551 l

9 1582 11 1601 ²
87 1564 194 1631 non
225 1563 348 1628 sibi,
377 1564 670 1636 respondit,
702 1565 860 1618 silvas
892 1564 1135 1627 cessisse,
1167 1565 1261 1618 sed
1291 1566 1471 1620 hortos

161 1653 392 1704 arvaque
421 1636 653 1707 pugnaci
683 1655 788 1690 non
819 1636 1065 1690 adeunda
1095 1637 1257 1691 ferae.

10 1732 11 1737 ¹
89 1706 264 1761 omnia
293 1706 521 1760 finierat:
552 1717 736 1761 tenues
768 1708 981 1761 secessit
1011 1707 1063 1759 in
1097 1727 1270 1760 auras.
1834 1730 1919 1769 375

96 1780 99 1789 “
156 1777 349 1831 mansit
378 1778 508 1832 odor
537 1809 606 1818 —
635 1797 818 1849 posses
850 1780 983 1832 scire
1014 1778 1177 1832 fuisse
1209 1779 1389 1833 deaml

86 1847 272 1902 floreat
299 1857 360 1902 ut
389 1857 499 1902 toto
531 1868 743 1903 carmen
772 1849 1001 1903 Nasonis
1031 1849 1086 1902 in
1117 1869 1267 1913 aeVO,

159 1938 374 1991 sparge,
406 1938 616 1991 precor,
648 1920 798 1974 donis
827 1930 1041 1991 pectora
1072 1931 1251 1974 nostra
1281 1921 1402 1975 tuis.

84 2059 258 2115 Nocte
286 2061 462 2115 minus
491 2071 678 2131 quarta
707 2071 909 2133 promet
941 2082 1037 2115 sua
1067 2063 1240 2117 sidera
1271 2061 1476 2118 Chiron
1658 2064 1707 2110 3·
1741 2067 1856 2123 [CC

102 2180 108 2190 ,
159 2131 372 2185 semivir
400 2142 452 2186 et
480 2133 604 2186 flavi
634 2151 850 2203 corpore
878 2133 1073 2186 mixtus
1105 2134 1244 2202 equi.
1584 2127 1916 2182 ΠΒἿΝὊῙΒ]

83 2200 275 2256 Pelion
303 2203 634 2257 Haemoniae
663 2223 815 2257 mons
846 2214 924 2258 est
955 2205 1210 2259 obversus
1240 2205 1295 2257 in
1326 2215 1557 2261 austros:
1830 2214 1912 2253 381

158 2292 364 2326 summa
394 2274 564 2328 virent
592 2275 744 2345 pinu,
777 2286 952 2329 cetera
981 2293 1208 2344 quercus
1238 2276 1417 2331 habet.

84 2342 402 2414 Phillyrides
435 2346 617 2399 tenuit..
694 2365 821 2399 saxo
853 2355 993 2399 stant
1022 2356 1174 2399 antra
1204 2357 1432 2412 vetusto,

155 2432 293 2484 quae
321 2415 519 2470 iustum
549 2427 843 2470 memorant
872 2417 1152 2471 incoluisse
1183 2437 1379 2472 senem.

61 2484 171 2540 «ille
201 2505 388 2540 manus
419 2487 544 2541 olim
574 2488 825 2542 missuras
857 2490 1092 2542 Hectora
1120 2490 1227 2542 leto
1828 2513 1914 2553 385

155 2557 384 2611 creditur
411 2558 465 2612 in
495 2559 671 2630 lyricis
703 2560 988 2614 detinuisse
1019 2560 1208 2613 modis.

84 2637 300 2682 venerat
329 2629 546 2684 Alcides
578 2630 833 2684 exhausta
862 2641 1010 2701 parte
1039 2632 1300 2695 laborum,

154 2699 401 2768 iussaque
430 2702 700 2755 restabant
729 2702 915 2755 ultima
943 2721 1112 2772 paene
1143 2704 1273 2756 viro·

86 2778 221 2823 stare
253 2771 408 2824 simul
438 2790 566 2825 casu
594 2772 787 2826 Troiae
818 2774 923 2826 duo
954 2774 1066 2827 fata
1095 2774 1325 2828 videres:

154 2840 278 2895 hinc
306 2861 438 2912 puer
467 2843 755 2906 Aeacides,
785 2843 908 2896 hinc
938 2844 1066 2897 Iove
1096 2854 1252 2897 natus
1284 2856 1412 2899 erat.
1825 2867 1916 2907 390

85 2911 278 2983 excipit
307 2913 533 2982 hospitio
563 2914 807 2967 iuvenem
837 2914 1138 2984 Philyreius
1170 2915 1340 2978 herOS‚

156 2992 207 3036 et
237 3001 452 3036 causam
482 2985 742 3038 adventus
771 2985 858 3038 hic
887 2995 1064 3055 rogat,
1094 2986 1181 3039 ille
1213 2987 1382 3040 docet.

82 3053 332 3136 Perspicit
359 3055 558 3109 interea
589 3056 793 3109 clavam
825 3057 1156 3126 spoliumque
1187 3058 1352 3111 leonis

157 3125 388 3195 ‘vlr’que
419 3126 491 3179 ait
522 3126 626 3180 ‘his
659 3127 842 3190 armiS,
874 3146 1125 3196 armaque
1157 3129 1317 3198 digna
1346 3129 1509 3200 virci'

83 3211 182 3249 nec
212 3215 290 3258 se,
321 3197 448 3266 quin
478 3197 696 3252 horrens
726 3199 981 3252 auderent
1009 3209 1227 3269 tangere
1259 3200 1415 3253 saetis
1824 3222 1912 3260 395

155 3267 346 3331 vellus,
376 3268 651 3323 Achilleae
681 3270 985 3324 continuere
1016 3290 1218 3323 manuS.

0 3334 4 3382 ἶ
85 3335 315 3407 dumque
346 3358 507 3394 senex
536 3349 724 3395 tractat
754 3341 1049 3411 squalentia
1078 3343 1182 3395 tela
1211 3343 1446 3406 veneniS,

159 3409 350 3463 excidit
380 3420 431 3463 et
459 3411 610 3465 laevo
640 3413 747 3464 fixa
776 3413 968 3482 sagitta
997 3413 1133 3482 pede
1164 3423 1259 3466 est.

84 3475 340 3548 ingemuit.
371 3479 571 3535 Chiron
596 3483 861 3554 vtraxit-que
892 3503 921 3537 e
953 3501 1168 3554 corpore
1199 3484 1427 3547 ferrum3
