2158 3906
486 349 801 397 TRISTIUM
827 348 949 395 LIB.
981 349 1069 395 111.
1101 349 1234 407 vm,
1263 349 1411 406 9-X,
1443 348 1513 394 16.
1755 336 1855 390 159

146 450 307 523 impia
338 450 606 505 desertum
636 451 847 522 fugiens
878 451 1075 505 Medea
1104 460 1378 523 parentem

218 521 407 575 dicitur
436 521 517 574 his
548 538 720 575 remos
752 523 1067 593 applicuisse
1097 522 1262 576 vadis.

146 611 304 662 quem
333 591 519 663 procul
548 602 606 646 ut
638 592 769 646 vidit
797 594 1001 646 tumulo
1031 594 1328 663 speculator
1358 593 1426 646 ab
1456 591 1581 655 alte,

219 661 476 734 ‘hospee‚’
508 663 581 716 ait
612 669 796 717 ‘nosco
829 661 1085 718 Colchide
1115 665 1235 718 vela
1265 663 1411 717 dari.'

53 771 62 805 ·.
147 733 274 787 dum
304 732 567 805 trepidant
597 733 843 804 Minyae,
879 735 1006 787 dum
1038 735 1258 788 solvitur
1287 753 1482 805 aggere
1511 732 1671 797 funis,

219 804 346 858 dum
375 805 611 874 sequitur
642 806 837 859 celeres
868 823 1062 859 ancora
1091 816 1258 860 tracta
1285 824 1492 869 manus,

147 875 356 930 conseia
385 876 643 946 percussit
671 876 978 931 meritorum
1007 886 1223 947 pectora
1253 874 1469 930 Colchis

218 965 347 1000 ausa
377 956 534 1016 atque
565 966 760 1001 ausura
790 948 957 1001 multa
985 947 1216 1001 nefanda
1244 967 1406 1001 manu

147 1026 223 1080 et,
255 1035 577 1087 quamquam
607 1027 845 1090 superest
874 1018 1062 1102 ingens
1093 1019 1316 1073 audacia
1345 1017 1526 1081 menti,

55 1120 77 1159 ὃ,

217 1089 386 1159 pallor
414 1089 469 1142 in
500 1089 750 1144 attonitae
781 1089 1001 1160 virgmis
1033 1108 1122 1143 ore
1154 1090 1316 1143 sedet.

56 1231 59 1235 ,
146 1178 273 1230 ergo
303 1160 396 1213 ubi
426 1160 698 1231 prospexit
726 1161 988 1214 venientia
1018 1161 1161 1224 vela,
1192 1166 1477 1223 ‘tenemur‚

51 1433 68 1476 ᾖ,

217 1239 269 1283 et
298 1241 448 1301 pater
478 1241 557 1285 est
588 1231 765 1301 aliqua
794 1231 980 1285 fraude
1010 1230 1318 1284 morandus’
1352 1231 1441 1283 ait.

109 1362 114 1380 ὓ
146 1301 298 1364 dum,
329 1301 459 1370 quid
489 1311 636 1373 agat,
670 1302 898 1372 quaerit,
931 1301 1058 1355 dum
1089 1311 1266 1355 versat
1294 1301 1349 1353 in
1381 1300 1557 1353 omnia
1586 1300 1784 1363 vultus,

218 1372 285 1425 ad
316 1373 531 1426 fratrem
563 1392 689 1426 casu
718 1373 919 1426 lumina
947 1373 1085 1426 flexa
1114 1372 1249 1425 tulit.

146 1444 294 1496 euius
324 1453 384 1497 ut
413 1443 590 1497 oblata
621 1453 699 1498 est
727 1444 1047 1514 praesentia,
1079 1442 1351 1495 ‘vicimus’
1383 1441 1581 1511 inquit:

217 1513 328 1567 ‘hie
357 1514 485 1567 mihi
515 1524 680 1568 morte
712 1533 808 1567 sua
838 1532 999 1568 eausa
1029 1513 1212 1567 salutis
1243 1512 1374 1566 erit.'

145 1585 381 1656 protinus
411 1585 581 1656 ignari
609 1603 708 1639 nee
738 1584 1020 1654 quiequam
1051 1584 1156 1638 tale
1188 1583 1419 1637 timentis

215 1656 500 1710 innocuum
529 1656 700 1709 rioido
730 1656 962 1740 perforat
993 1674 1118 1710 ense
1150 1656 1287 1709 latus

52 1709 58 1731 ²
146 1735 303 1796 atque
333 1727 406 1780 ita
437 1701 659 1790 divellit,
692 1727 1005 1796 divulsaque
1035 1727 1275 1780 membra
1304 1745 1399 1797 per
1429 1744 1587 1797 agros

56 2507 83 2518 x

218 1798 437 1869 dissipat
466 1798 521 1852 in
550 1798 729 1852 multis
758 1797 1078 1852 invenienda
1107 1798 1252 1851 locis.

145 1887 248 1923 neu
278 1879 427 1940 pater
455 1869 684 1940 ignoret,
717 1870 932 1941 scopulo
962 1869 1209 1941 proponit
1237 1869 1292 1922 in
1322 1869 1429 1922 alto

216 1941 576 2011 pallentesque
607 1960 795 1994 manus
827 1940 1283 2011 sanguineumque
1314 1949 1490 2011 eaput,

145 2020 206 2064 ut
234 2011 440 2081 genitor
469 2012 721 2081 luctuque
750 2031 888 2065 novo
920 2012 1155 2066 tardetur
1186 2022 1262 2075 et,
1294 2022 1438 2064 artus

219 2082 347 2135 dum
375 2082 502 2151 legit
533 2083 814 2146 extinctos,
845 2083 991 2136 triste
1022 2083 1249 2137 retardet
1280 2082 1394 2136 iter.

145 2152 268 2206 inde
299 2147 481 2206 Tomis
512 2153 682 2207 dietus
712 2155 859 2206 loeus
889 2153 998 2216 hic,
1029 2153 1155 2223 quia
1183 2153 1351 2206 fertur
1379 2153 1434 2206 in
1463 2152 1554 2206 illo

217 2223 455 2277 membra
483 2242 629 2278 soror
658 2224 832 2278 fratris
865 2225 1195 2279 consecuisse
1227 2224 1324 2277 sui.

958 2337 1034 2391 X.

149 2435 210 2491 Si
240 2436 357 2506 quis
389 2437 561 2491 adhue
590 2437 707 2491 istie
737 2438 973 2491 meminit
1003 2437 1232 2490 Nasonis
1263 2436 1497 2507 adempti

219 2517 271 2561 et
300 2519 536 2578 superest
567 2509 678 2562 sine
709 2528 793 2562 me
823 2527 1018 2562 nomen
1047 2509 1099 2561 in
1130 2508 1261 2561 urbe
1294 2526 1488 2570 meum,

149 2579 478 2650 suppositum
509 2579 671 2633 stellis
701 2598 990 2648 numquam
1021 2579 1359 2650 tangentibus
1391 2595 1591 2647 aequor

219 2668 303 2704 me
334 2650 465 2703 sciat
493 2650 547 2703 in
577 2651 752 2704 media
781 2651 959 2705 vivere
991 2650 1249 2704 barbarie.

152 2718 496 2774 Sauromatae
526 2720 770 2791 cingunt,
801 2722 914 2775 fera
943 2741 1098 2792 gens,
1130 2721 1387 2789 Bessique
1418 2718 1715 2789 Getaeque,

221 2809 381 2861 quam
411 2810 517 2844 non
546 2791 759 2862 ingenio
788 2792 1003 2845 nomina
1033 2793 1195 2862 digna
1222 2791 1364 2844 meo!

152 2862 277 2915 dum
307 2871 483 2916 tamen
516 2881 644 2915 aura
674 2872 840 2933 tepet,
872 2864 1046 2916 medio
1078 2863 1411 2916 defendimur
1439 2861 1649 2914 Histro:

220 2933 307 2986 ille
339 2933 444 2985 suis
473 2933 705 3001 liquidus
736 2934 875 2987 bella
903 2934 1108 3004 repellit
1138 2933 1305 3001 aquiS.

153 3013 205 3056 at
234 3023 354 3057 cum
385 3003 546 3057 tristis
575 3004 763 3057 Hiems
795 3004 1088 3073 squalentia
1117 3004 1335 3074 protulit
1363 3021 1474 3065 ora,

223 3083 462 3144 terraque
493 3093 786 3129 marmoreo
818 3075 1042 3129 candida
1071 3075 1212 3128 faeta
1241 3075 1365 3144 gelu
1396 3086 1492 3137 est,

154 3145 280 3199 dum
309 3155 451 3199 vetat
481 3155 533 3199 et
562 3146 747 3200 boreas
779 3156 831 3200 et
860 3147 952 3199 nix
981 3146 1218 3199 habitare
1250 3145 1348 3198 sub
1378 3146 1564 3208 Arcto,

223 3226 337 3270 tum
364 3217 553 3286 liquet,
586 3217 680 3270 has
711 3227 894 3288 gentes
925 3237 1023 3272 axe
1055 3226 1310 3271 tremente
1340 3217 1524 3286 premi.

154 3287 246 3340 nix
273 3287 431 3351 iacet,
463 3297 515 3341 et
545 3288 736 3342 iactam
766 3307 864 3342 nee
894 3290 972 3342 sol
1001 3289 1280 3360 pluviaeve
1310 3287 1597 3351 resolvunt,

212 3357 435 3412 'indurat
466 3360 651 3413 boreas
682 3370 1099 3431 perpetuamque
1130 3359 1273 3412 facit.

158 3447 283 3499 ergo
313 3429 404 3482 ubi
434 3429 649 3484 delicuit
678 3432 914 3484 nondum
945 3432 1109 3502 prior,
1142 3432 1305 3483 altera
1333 3430 1494 3492 venit,

230 3508 282 3552 et
312 3501 439 3552 solet
470 3501 521 3552 in
554 3502 730 3556 multis
760 3503 905 3556 bima
933 3521 1146 3558 manere
1177 3501 1321 3554 loeis·

1890 537 1947 576 10

1890 891 1945 931 15

1889 1246 1946 1286 20

1889 1600 1944 1639 25

1887 1955 1944 1995 30

1885 2737 1913 2776 5

1891 3092 1946 3130 10

1894 3446 1947 3483 15
