2158 3906
472 329 823 376 FASTORUM
850 329 972 374 LIB.
1005 329 1091 374 111.
1122 328 1364 375 4294-514.
1704 317 1776 371 49

141 425 208 491 en
234 433 425 488 iterum
454 431 698 485 lacrimas
729 432 935 502 accipe,
967 431 1187 494 harena,
1218 429 1386 485 measl

50 505 332 566 dicebam,
361 502 600 565 memini,
633 502 882 572 “periure
913 511 965 555 et
994 502 1193 572 perfide
1222 499 1499 555 TheseuP’

138 577 224 631 ille
254 573 407 628 abiit:
438 573 625 627 eadem
656 573 875 626 crimina
904 572 1151 626 Bacchus
1182 573 1358 627 habet.

64 636 208 707 hunc
237 661 447 715 quoque
478 643 667 696 “nulla
697 643 852 697 viro'’
884 643 1124 696 clamabo
1156 644 1395 698 “femina
1425 642 1670 697 credat!'’
1803 659 1888 700 475

0 754 1 783 ;
133 715 346 773 nomine
375 722 577 768 mutato
609 732 770 767 causa
797 714 963 768 relata
991 734 1110 768 mea
1141 725 1235 768 est.

60 804 104 848 v
129 787 328 843 utinam
360 804 478 839 mea
508 803 644 849 sors,
676 803 783 854 qua
810 786 1041 856 primum
1071 795 1341 856 coeperat,
1372 786 1516 850 isset,

64 865 77 885 ³
136 857 346 926 iamque
377 874 477 927 ego
506 857 769 927 praesenti
800 867 1035 927 tempore
1065 857 1213 910 nulla.
1238 856 1433 910 foreml

65 928 194 1005 quid
221 946 306 981 me
337 927 554 981 desertis
585 927 917 990 morituram,
948 927 1139 991 Liber,
1168 927 1379 981 harenis
1402 953 1413 962 ·

74 1003 77 1005 ’
136 998 414 1053 servabas?
444 999 593 1069 potui
623 998 920 1052 dedoluisse
950 999 1128 1052 semel.
1803 1015 1889 1056 480

50 1068 276 1178 &anche
304 1069 459 1134 levis,
490 1070 759 1137 leviorque
790 1069 916 1133 tuis,
949 1087 1086 1138 quae
1116 1078 1354 1140 tempora
1384 1070 1621 1140 cingunt,

124 1139 435 1202 frondibus,
465 1139 519 1193 in
548 1140 792 1193 lacrimas
823 1141 1032 1210 cognite
1063 1140 1276 1193 Bacche
1307 1159 1469 1203 meae,

32 1212 223 1279 §usus
254 1229 310 1264 es
341 1219 463 1264 ante
494 1211 673 1264 oculos
705 1211 933 1263 adducta
963 1210 1163 1280 paelice
1192 1219 1399 1263 nostros

62 1299 67 1301 ’
133 1289 242 1336 tam
272 1281 406 1335 bene
437 1299 552 1334 com
595 1281 785 1333 ositum
818 1280 1095 1334 sollicitare
1125 1281 1331 1333 torum?

46 1344 171 1408 'lieu
197 1351 292 1406 ubi
319 1361 476 1423 pacta
504 1351 539 1404 fi
581 1351 667 1404 es?
697 1351 813 1415 ubi,
845 1369 981 1420 quae
1010 1351 1183 1404 iurare
1202 1351 1455 1410 solebas?
1803 1368 1887 1408 485

134 1442 219 1478 me
247 1422 516 1485 miseram,
547 1422 788 1491 quotiens
819 1422 950 1476 haec
980 1440 1080 1493 ego
1110 1422 1275 1475 verba
1303 1422 1521 1491 loquar?

60 1493 273 1551 Thesea
301 1492 551 1565 culpabas
581 1493 931 1562 fallacemque
959 1492 1074 1563 ipse
1104 1492 1359 1546 vocabas:

133 1563 542 1636 iudicio‘peccas
573 1563 776 1635 turpius
807 1564 920 1634 ipse
951 1573 1060 1617 tuo·

58 1652 131 1692 ue
159 1635 288 1690 sciat
316 1634 417 1690 hoc
445 1634 751 1705 quisquam,
786 1635 1062 1704 tacitisque
1094 1634 1363 1689 doloribus
1394 1653 1535 1699 urar,

132 1725 201 1762 ne
229 1705 420 1761 totiens
449 1706 564 1760 falli
594 1706 755 1777 digna
785 1706 948 1759 fuisse
978 1705 1155 1777 puterl
1800 1722 1886 1764 490

60 1777 342 1851 praecipue
376 1777 585 1849 cupiam
614 1777 772 1831 celari
802 1777 1034 1841 Thesea,
1067 1796 1135 1831 ne
1165 1786 1217 1832 te

10 1853 12 1864 '
134 1857 428 1903 consortem
459 1849 645 1919 culpae
675 1847 907 1919 gaudeat
937 1867 1051 1902 esse
1082 1867 1225 1902 suae.

56 1928 140 1985 at,
170 1929 322 1992 put0‚
351 1920 651 1990 praeposita
679 1927 760 1973 est
788 1919 970 1973 fuscae
998 1919 1129 1972 mihi
1160 1918 1386 1973 candida
1415 1919 1636 1990 paelex?

133 1990 340 2044 eveniat
369 1991 559 2044 nostris
590 1989 830 2043 hostibus
859 1990 947 2044 ille
978 1989 1143 2044 colori

56 2058 192 2132 quid
220 2070 398 2116 tamen
426 2061 528 2114 hoc
557 2060 748 2115 refert?
778 2061 904 2114 vitio
934 2061 1030 2113 tibi
1059 2061 1257 2131 gratior
1285 2060 1399 2130 ipso
1430 2069 1525 2113 est.
1800 2077 1885 2118 495

132 2131 261 2201 quid
289 2132 453 2185 facis?
482 2132 755 2202 amplexus
778 2131 1025 2200 inquinat
1053 2132 1144 2184 illa
1173 2141 1308 2184 tuos.

60 2202 299 2266 Bacche,
329 2203 489 2268 fidem
517 2211 751 2273 praesta,
782 2221 881 2256 nec
911 2202 1120 2272 praefer
1149 2201 1416 2255 amoribus
1447 2201 1613 2255 ullam

133 2272 396 2344 coniugisz
428 2273 648 2328 adsuevi
678 2292 886 2343 semper
915 2292 1092 2326 amare
1120 2273 1310 2325 virum.

59 2354 312 2416 ceperunt
339 2352 563 2408 matrem
599 2344 817 2397 formosi
847 2362 1044 2397 cornua
1074 2344 1227 2406 tauri,

131 2434 216 2470 me
245 2423 359 2469 tua:
391 2423 445 2468 at
473 2414 560 2468 hic
589 2414 735 2468 laudi
766 2424 868 2478 est,
899 2415 987 2469 ille
1017 2414 1299 2497 pudendus
1331 2432 1494 2467 amor.
1800 2434 1883 2474 500

55 2505 128 2555 ne
155 2494 365 2550 noceat,
396 2486 540 2555 quod
569 2485 710 2539 amo!
742 2504 917 2555 neque
948 2505 1090 2540 emm
1119 2486 1238 2549 tibi,
1268 2485 1509 2549 Bacche,
1539 2486 1782 2551 nocebat,

133 2557 274 2627 quod
301 2557 540 2610 flammas
568 2557 722 2626 nobis
753 2557 927 2610 fassus
957 2575 1014 2610 es
1043 2557 1157 2627 ipse
1186 2565 1322 2610 tuas.

59 2646 182 2691 nec,
212 2627 354 2698 quod
383 2645 480 2681 nos
509 2628 641 2691 uris,
672 2629 864 2681 mirum
896 2628 1050 2681 facis:
1083 2636 1228 2681 ortus
1258 2627 1313 2681 in
1343 2628 1465 2698 igne

133 2699 318 2753 diceris
348 2707 402 2753 et
429 2699 601 2771 patria
629 2708 811 2770 raptus
842 2699 910 2752 ab
939 2699 1065 2769 igne
1093 2718 1272 2752 manu.

61 2768 151 2837 illa
178 2787 278 2842 ego
308 2789 450 2834 sum,
481 2770 568 2824 cui
596 2779 654 2823 tu
685 2770 868 2823 solitus
898 2770 1200 2840 promittere
1231 2771 1459 2824 caelum:
1798 2790 1881 2829 505

133 2841 181 2895 ei
207 2841 358 2905 mihi,
387 2858 484 2912 pro
515 2842 661 2895 caelo
692 2841 870 2910 qualia
899 2841 1039 2894 dona
1066 2840 1229 2895 fer01'

61 2909 278 2966 dixerat.
352 2911 570 2965 audibat
597 2912 908 2964 iamdudum
937 2911 1101 2965 verba
1131 2911 1397 2981 querentis

131 2981 318 3046 Liber,
347 2991 409 3036 ut
437 3001 470 3036 a
498 2991 648 3053 tergo
678 2982 814 3036 forte
845 2991 1057 3036 secutus
1088 2992 1214 3036 erat.

60 3063 282 3125 occupat
311 3054 560 3125 amplexu
588 3053 936 3122 lacrimasque
965 3072 1062 3124 per
1091 3053 1272 3107 oscula
1302 3053 1464 3107 siccat

132 3133 184 3178 et
212 3131 227 3155 ‘
272 3125 432 3190 ariter
456 3125 591 3180 caeli
619 3144 827 3178 summa
855 3125 1120 3195 petamus'
1151 3125 1238 3178 ait.
1795 3144 1881 3185 510

65 3198 147 3250 §tu
173 3214 226 3248 m
284 3195 298 3210 ⁸
328 3195 508 3251 iuncta
537 3205 652 3250 toro
681 3196 812 3249 mihi
840 3196 1021 3249 iuncta
1049 3195 1310 3249 vocabula
1339 3215 1540 3250 sumes:

76 3270 102 3333 ξ
130 3284 254 3320 nam
281 3266 380 3321 tibi
406 3276 641 3322 mutatae
671 3267 872 3321 Libera
898 3285 1094 3321 nomen
1123 3267 1238 3321 erit.

59 3333 271 3407 sintque
298 3342 422 3393 tuae
450 3347 629 3393 tecum
655 3338 848 3393 faciam
877 3339 1202 3392 monimenta.
1230 3357 1471 3403 coronae,

87 3400 89 3402 ’
131 3407 401 3463 Volcanus
429 3409 629 3466 Veneri
657 3428 820 3482 quam
850 3409 995 3465 dedit
1050 3410 1141 3464 illa
1169 3410 1298 3463 tibi.’

147 3489 256 3528 omnic·
266 3493 328 3529 vol.
343 3493 411 3528 ΙΙΙ.
1449 3493 1484 3538 4
