2158 3906
299 299 403 354 202
849 311 905 354 P.
938 309 1144 356 ov1D11
1174 307 1446 354 NASONIS

212 432 271 471 80
372 412 593 466 carceris
625 412 876 464 obscuras
907 419 1027 463 ante
1059 410 1240 463 sedere
1270 410 1427 472 foreS,

300 502 393 537 vos
425 500 659 551 quoque,
690 481 840 550 plebs
872 499 1142 550 superum,
1174 481 1349 533 Fauni
1380 480 1662 549 Satyrique
1693 480 1968 549 Laresquc

371 553 723 620 Fluminaque
755 560 806 604 et
834 551 1116 621 Nymphae
1147 551 1542 620 semideumque
1573 570 1758 620 genUS,

302 624 526 692 denique
557 623 624 674 ab
655 621 872 690 antiquo
903 622 1011 675 divi
1039 630 1348 690 veteresque
1379 622 1606 690 novique

371 695 425 745 in
456 702 691 745 nostrum
722 692 898 745 cuncti
927 701 1160 762 tempus,
1193 693 1397 755 adeste,
1431 690 1605 745 Chao!

215 783 269 822 85
302 764 533 818 carmina
563 763 690 816 dum
721 763 880 833 capiti
909 764 1046 816 male
1076 763 1182 815 fido
1214 764 1328 816 dira
1358 773 1634 825 canuntur,

373 844 424 887 et
453 843 715 917 peragunt
743 842 920 904 partes
949 834 1028 886 ira
1059 834 1313 902 dolorque
1343 853 1490 886 suas:

302 905 516 959 adnuite
546 904 739 974 optatis
771 923 952 958 omnes
984 923 1050 958 ex
1081 905 1262 958 ordine
1291 903 1503 967 nostris,

374 985 426 1029 et
458 975 523 1028 sit
552 995 674 1046 pars
704 976 815 1028 voti
843 976 989 1028 nulla
1018 975 1218 1029 caduca
1246 975 1367 1029 mei.

304 1064 544 1116 quaeque
573 1064 781 1116 precor,
812 1047 963 1099 fiant.
993 1055 1053 1099 ut
1081 1064 1189 1098 non
1218 1065 1338 1100 mea
1368 1045 1529 1109 dicta,
1562 1046 1654 1100 sed
1684 1046 1774 1099 illa

216 1135 273 1174 90
358 1117 665 1187 Pasiphaes
694 1117 877 1200 generi
906 1118 1070 1171 verba
1099 1117 1262 1170 fuisse
1292 1125 1459 1187 putet.

304 1206 542 1257 quasque
573 1206 673 1258 ego
704 1188 957 1242 transiero
986 1206 1210 1258 poenas,
1240 1188 1469 1258 patiatur
1499 1196 1552 1241 et
1581 1187 1722 1241 illas·

374 1259 625 1342 plenius
610 1260 823 1329 mgenio
855 1259 922 1312 sit
950 1259 1108 1312 miser
1138 1259 1226 1313 ille
1255 1277 1391 1312 meo·

303 1349 437 1383 neve
467 1330 640 1382 minus
671 1339 895 1384 noceant
924 1330 1107 1384 fictum
1137 1329 1438 1383 execrantia
1466 1348 1661 1382 nomen

375 1410 523 1463 vota,
552 1401 725 1454 minus
755 1420 977 1471 magnos
1009 1409 1441 1454 commoveantve
1472 1400 1623 1453 deos:

218 1489 273 1529 95
303 1472 453 1525 illum
484 1490 583 1542 ego
615 1471 874 1534 devoveO,
906 1490 1066 1539 quem
1095 1491 1242 1524 mens
1271 1471 1539 1541 intelligit,
1570 1469 1708 1534 Ibin,

376 1543 468 1610 qui
498 1561 554 1596 se
585 1542 683 1596 scit
711 1542 865 1595 factis
896 1543 991 1595 has
1022 1542 1275 1596 meruisse
1304 1560 1504 1612 preces.
1759 1555 1765 1557 “

305 1615 451 1666 nulla
479 1631 627 1667 mora
657 1623 736 1667 est
764 1613 821 1666 in
850 1633 959 1666 me:
990 1632 1243 1683 peragam
1271 1622 1386 1665 rata
1415 1621 1539 1665 vota
1569 1610 1831 1665 sacerdos-

378 1684 616 1767 quisquis
648 1684 774 1738 ades
805 1684 989 1746 sacris,
1021 1702 1109 1736 ore
1140 1685 1339 1746 favete,
1369 1683 1516 1736 meis.

306 1755 543 1823 quisquis
575 1754 701 1807 ades
733 1755 918 1817 sacris,
948 1754 1197 1824 lugubria
1227 1754 1382 1807 dicite
1413 1754 1575 1806 verba

195 1841 276 1880 100
378 1834 429 1878 et
458 1826 586 1877 fletu
616 1825 840 1878 madidis
871 1826 991 1877 Ibin
1024 1825 1162 1877 adite
1192 1825 1342 1894 genis

306 1896 715 1964 nominibusque
745 1896 897 1948 malis
927 1895 1258 1965 pedibusque
1288 1894 1544 1947 occurrite
1573 1893 1755 1957 laeviS,

379 1977 430 2019 et
460 1966 642 2036 nigrae
673 1976 845 2019 vestes
876 1985 1096 2036 corpora
1126 1974 1301 2019 vestra
1330 1973 1527 2035 tegant.

306 2046 366 2091 tu
395 2055 630 2105 quoque,
661 2037 791 2105 quid
822 2037 1032 2089 dubitas
1063 2037 1253 2090 ferales
1285 2055 1491 2089 sumere
1523 2035 1711 2088 vittas?

377 2108 483 2160 iam
514 2116 640 2170 stat,
671 2116 731 2160 ut
759 2108 872 2177 ipse
903 2107 1075 2169 videS,
1106 2107 1306 2160 funeris
1336 2126 1428 2160 ara
1457 2106 1556 2159 tui:

196 2195 276 2234 105
306 2197 501 2249 pompa
530 2187 715 2249 parata
743 2179 838 2231 tibi
869 2187 970 2231 est:
1003 2178 1139 2231 votis
1169 2196 1317 2231 mora
1344 2178 1580 2230 tristibus
1612 2167 1769 2229 absit:

379 2250 447 2302 da
476 2250 720 2319 iugulum
751 2250 954 2312 cultriS,
983 2249 1156 2302 hostia
1186 2249 1322 2312 dira,
1352 2249 1499 2302 meis.

307 2329 447 2374 terra
476 2321 572 2373 tibi
601 2321 808 2390 fruges,
840 2321 1008 2373 amnis
1037 2320 1133 2372 tibi
1164 2320 1390 2389 deneget
1418 2319 1605 2380 undas,

379 2392 606 2460 deneget
635 2392 859 2444 adflatus
889 2399 1077 2444 ventus
1108 2399 1161 2444 et
1189 2409 1318 2443 aura
1347 2408 1485 2442 SUOS.

218 2527 219 2530 Ἴ
308 2480 408 2515 1166
437 2462 533 2514 tibi
564 2462 642 2514 sol
671 2462 866 2525 clarUS,
896 2479 995 2515 nec
1026 2461 1091 2514 sit
1120 2461 1216 2514 tibi
1245 2460 1420 2514 lucida
1448 2459 1685 2523 Phoebe,

199 2549 281 2588 110
382 2532 668 2586 destituant
698 2533 878 2585 oculos
909 2532 1080 2584 sidera
1110 2532 1251 2584 clara
1279 2540 1415 2584 tuos·

309 2621 408 2657 nec
439 2622 494 2656 se
523 2603 795 2657 Volcanus
825 2621 923 2656 nec
954 2621 1009 2655 se
1039 2602 1136 2655 tibi
1164 2602 1416 2672 praebeat
1445 2606 1551 2664 ae‘r,

381 2692 479 2727 nec
509 2673 606 2726 tibi
636 2673 723 2726 det
753 2674 906 2727 tellus
937 2691 1035 2726 nec
1065 2673 1160 2725 tibi
1189 2682 1380 2742 pontus
1410 2672 1525 2724 iter.

311 2744 476 2798 exul
462 2763 615 2814 inops
646 2763 784 2798 erres
816 2744 1091 2812 alienaque
1119 2743 1302 2796 limina
1330 2744 1537 2805 lustres,

384 2816 741 2886 exiguumque
770 2825 920 2885 petas
951 2833 1039 2868 ore
1068 2823 1325 2868 tremente
1356 2814 1548 2867 cibum.

200 2903 280 2942 115
311 2905 408 2940 nec
439 2905 628 2957 corpus
661 2886 881 2955 querulo
909 2905 1007 2939 nec
1037 2904 1184 2938 mens
1215 2893 1368 2939 vacet
1398 2904 1559 2955 aegia
1589 2884 1792 2946 dolore,

381 2974 594 3026 noxque
626 2957 710 3012 die
740 2957 952 3028 gravior
982 2957 1048 3009 sit
1076 2956 1195 3018 tibi,
1225 2964 1379 3009 nocte
1409 2956 1537 3009 dies.

313 3028 490 3097 sisque
519 3028 678 3081 miser
707 3047 937 3097 semper,
966 3046 1065 3081 nec
1096 3027 1166 3080 sis
1195 3027 1506 3080 miserabilis
1536 3026 1653 3079 ulli.

383 3098 614 3168 gaudeat
645 3099 878 3152 adversis
908 3098 1105 3151 femina
1133 3097 1318 3166 virque
1348 3098 1468 3150 tuis.

314 3170 530 3222 accedat
559 3169 787 3222 lacrimis
817 3168 1021 3231 odium,
1053 3169 1350 3238 dignusque
1379 3167 1595 3237 puteris,

202 3256 284 3295 120
385 3239 476 3308 qui
505 3241 644 3292 mala
674 3258 797 3292 cum
825 3240 1004 3291 tuleris
1034 3239 1282 3308 plurima,
1314 3238 1467 3307 plura
1497 3238 1652 3290 feras.

315 3310 485 3377 sitque
514 3309 684 3377 (quod
713 3318 793 3363 est
820 3310 1021 3376 rarum)
1052 3309 1202 3361 solito
1234 3308 1440 3361 deserta
1469 3307 1650 3360 favore

385 3380 627 3433 fortunae
658 3380 819 3432 facies
850 3379 1107 3432 invidiosa
1137 3387 1370 3431 tuae..

315 3468 579 3520 causaque
608 3469 715 3504 non
745 3450 901 3514 desit,
934 3449 1066 3503 desit
1096 3448 1192 3502 tibi
1222 3447 1373 3519 copia
1402 3447 1607 3501 mortis:
