2158 3906
346 291 417 344 96
908 298 963 341 Ρ.
997 297 1203 342 OVIDII
1233 296 1502 343 NASONIS

351 402 594 472 displicet
623 400 804 452 heredi
836 398 1069 450 mandati
1101 417 1227 451 cura
1265 399 1512 468 sepulcri:

424 481 660 524 mortuus
691 470 934 521 Ausonia
965 469 1207 521 conditur
1237 469 1427 539 hospes
1457 469 1636 532 hum0‚

355 544 557 613 scirpea
586 559 681 610 pro
715 539 925 591 domino
956 539 1137 592 Tiberi
1166 540 1391 593 iactatur
1419 540 1612 610 image,

240 632 327 673 660
427 623 486 665 ut
515 619 718 681 repetat
751 608 944 663 Graias
973 629 1068 679 per
1096 611 1232 664 freta
1260 612 1421 681 longa
1451 611 1668 663 domos.’

358 685 628 738 hactenus.
702 690 762 732 ut
793 681 954 732 subiit
983 681 1104 733 vivo
1135 682 1366 734 rorantia
1396 701 1524 734 saxo

426 763 598 813 antra,
629 752 773 805 leves
805 769 1018 804 cursum
1048 752 1366 805 sustinuistis
1399 771 1584 822 aquae.

357 894 514 949 Clare
537 911 701 964 nepos
725 893 983 956 Atlantis,
1010 894 1158 957 ades,
1182 912 1342 963 quem
1364 894 1631 947 montibus
1655 895 1779 946 olim

427 965 592 1019 edidit
620 964 866 1018 Arcadiis
896 965 1073 1017 Pleias
1105 985 1212 1018 una
1240 965 1380 1017 Iovi:

240 1055 325 1095 665
355 1037 501 1108 pacis
533 1045 586 1089 et
615 1054 883 1088 armorum
913 1036 1116 1106 superis
1146 1036 1372 1104 imisque
1404 1036 1624 1088 deorum

427 1107 647 1170 arbiter,
678 1107 817 1159 alato
848 1106 941 1175 qui
969 1107 1105 1176 pede
1136 1108 1306 1177 carpis
1337 1107 1457 1159 iter:

353 1180 490 1233 laete
521 1179 666 1248 lyrae
696 1178 877 1247 pulsu,
909 1177 1075 1230 nitida
1105 1196 1315 1246 quoque
1345 1178 1482 1231 laete
1511 1178 1789 1247 palaestra,

428 1267 534 1318 quo
566 1249 748 1301 didicit
779 1249 917 1302 culte
945 1248 1130 1318 lingua
1161 1250 1382 1302 docente
1410 1248 1579 1317 loqui!

358 1321 555 1390 templa
584 1319 681 1372 tibi
710 1338 934 1389 posuere
963 1330 1138 1389 patres
1170 1320 1459 1390 spectantia
1491 1317 1708 1372 Circum

241 1410 329 1449 670
431 1392 641 1444 Idibus:
675 1410 741 1444 ex
770 1391 859 1443 illo
891 1400 970 1443 est
999 1390 1131 1444 haec
1161 1391 1257 1443 tibi
1287 1409 1436 1443 sacra
1467 1391 1594 1444 dies.

359 1472 439 1527 te,
471 1463 791 1531 quicumque
823 1481 945 1514 suas
975 1463 1249 1531 profitetur
1278 1462 1505 1515 vendere
1536 1479 1752 1523 merceS,

430 1543 547 1586 ture
580 1533 726 1594 dat0,
758 1533 958 1585 tribuas
989 1542 1048 1585 ut
1078 1533 1178 1585 sibi
1208 1534 1379 1594 lucra,
1409 1543 1612 1602 rogant.

360 1614 441 1658 est
471 1622 611 1672 aqua
640 1604 897 1657 Mercurii
926 1613 1108 1674 portae
1139 1604 1311 1656 vicina
1344 1602 1617 1673 Capenae:

433 1676 477 1727 si
507 1676 655 1727 iuvat
685 1675 915 1744 expertis
947 1675 1185 1737 credere,
1217 1694 1413 1727 numen
1443 1674 1618 1727 habet.

244 1763 330 1803 675
360 1746 465 1799 huc
496 1746 640 1799 venit
669 1745 926 1798 incinctus
956 1747 1189 1798 tunicam
1220 1755 1503 1807 mercator,
1535 1755 1587 1797 et
1616 1764 1749 1797 urna

431 1836 595 1887 purus
628 1816 830 1880 suffita,
860 1834 1020 1884 quam
1051 1817 1208 1878 ferat,
1240 1816 1415 1868 haurit
1444 1834 1654 1884 aquam.

360 1889 467 1941 uda
496 1889 555 1940 fit
585 1887 707 1940 hinc
737 1889 940 1940 laurus:
972 1889 1120 1940 lauro
1151 1895 1473 1957 sparguntur
1502 1887 1569 1939 ab
1599 1887 1706 1939 uda

431 1959 631 2021 omnia,
663 1977 800 2026 quae
832 1958 1071 2011 dominos
1102 1968 1225 2011 sunt
1253 1958 1498 2011 habitura
1528 1975 1710 2010 novos.

361 2031 562 2100 spargit
592 2039 644 2083 et
674 2030 786 2099 ipse
818 2048 940 2082 suos
970 2030 1119 2082 lauro
1149 2038 1360 2082 rorante
1391 2029 1607 2099 capillos

244 2117 331 2156 680
433 2110 485 2154 et
515 2100 721 2170 peragit
752 2100 904 2153 solita
932 2100 1114 2154 fallere
1145 2119 1274 2154 voce
1305 2119 1511 2170 preces:

363 2172 544 2225 ‘ablue
574 2171 842 2241 praeteriti
871 2171 1101 2241 periuria
1132 2171 1424 2242 temporis‚'
1455 2170 1628 2240 inquit

434 2243 614 2296 ‘ablue
643 2242 958 2312 praeteritae
988 2243 1191 2312 perfida
1219 2243 1383 2296 verba
1414 2242 1523 2295 diet

362 2314 472 2367 sive
504 2332 603 2384 ego
634 2323 686 2366 te
715 2314 819 2366 feci
848 2322 1037 2366 testem
1066 2314 1267 2366 falsove
1298 2313 1457 2366 citavi

431 2403 539 2436 non
569 2384 798 2437 audituri
826 2384 1045 2436 numina
1072 2404 1267 2452 magna
1296 2384 1456 2446 Iovis,

246 2473 331 2513 685
363 2456 472 2508 sive
504 2455 661 2507 deum
691 2455 923 2524 prudens
953 2455 1115 2507 alium
1145 2456 1387 2507 divamve
1418 2454 1599 2516 fefelli,

435 2525 746 2578 abstulerint
776 2526 970 2579 celeres
1004 2526 1244 2595 improba
1274 2526 1436 2578 verba
1465 2525 1591 2577 noti.

364 2606 416 2651 et
445 2606 661 2667 pateant
691 2597 933 2649 veniente
965 2596 1048 2650 die
1078 2597 1308 2666 periuria
1339 2597 1508 2658 nobis,

433 2686 532 2720 nec
564 2676 746 2720 curent
777 2667 977 2737 superi,
1010 2668 1053 2719 si
1082 2686 1188 2736 qua
1216 2668 1424 2720 locutus
1454 2686 1560 2720 ero,

364 2739 433 2790 da
461 2739 619 2791 modo
650 2739 797 2791 lucra
825 2738 978 2800 mihi,
1010 2739 1078 2791 da
1107 2739 1248 2791 facto
1278 2739 1474 2808 gaudia
1503 2739 1666 2801 lucr0‚

247 2827 334 2866 690
436 2819 487 2862 et
516 2809 627 2872 fac,
657 2818 717 2861 ut
747 2810 971 2879 emptori
1004 2809 1166 2863 verba
1196 2810 1402 2863 dedisse
1431 2809 1609 2861 iuvet?

363 2881 491 2933 talia
518 2880 819 2933 Mercurius
850 2890 1154 2950 poscentem
1183 2881 1316 2934 ridet
1348 2881 1416 2933 ab
1447 2881 1570 2941 alt0,

436 2970 492 3005 se
521 2969 724 3005 memor
755 2949 1010 3022 Ortygias
1041 2952 1353 3022 surripuisse
1383 2952 1564 3004 boves,

363 3093 443 3144 At
470 3093 599 3145 mihi
628 3094 825 3163 pande,
857 3112 1065 3163 precor,
1095 3102 1241 3146 tanto
1270 3094 1488 3145 meliora
1516 3094 1732 3162 petenti,

433 3163 490 3216 in
521 3162 778 3217 Geminos
809 3184 877 3217 ex
906 3183 1011 3233 quo
1041 3174 1276 3234 tempore
1307 3164 1558 3216 Phoebus
1590 3173 1691 3215 eat.

250 3250 333 3288 695
367 3238 514 3285 ‘cum
543 3234 762 3287 totidem
793 3235 858 3287 de
888 3254 1068 3287 mense
1100 3235 1211 3287 dies
1243 3253 1516 3303 superesse
1545 3233 1766 3297 videbis,

436 3313 565 3372 quot
595 3314 716 3357 sunt
745 3305 998 3358 Herculei
1028 3305 1169 3358 facta
1197 3304 1415 3357 laboris'
1447 3305 1535 3357 ait.

367 3374 498 3427 ‘dic'
531 3393 631 3445 ego
661 3376 910 3445 respondi
941 3381 1180 3428 ‘causam
1209 3375 1338 3427 mihi
1368 3375 1551 3428 sideris
1583 3374 1773 3427 huius.'

437 3463 650 3498 causam
680 3446 910 3500 facundo
939 3447 1167 3500 reddidit
1198 3465 1285 3500 ore
1318 3446 1470 3499 deus:

1883 892 1958 935 15.
1994 892 2037 936 G

1829 949 2067 992 EID-BP

1866 1005 1941 1047 16.
1974 1005 2076 1048 HF

1872 1061 1946 1104 17.
1978 1063 2069 1104 AG

1872 1117 1947 1161 18.
1978 1119 2070 1160 BG

1876 1174 1951 1218 19.
1986 1175 2070 1219 CO

1866 3087 1947 3134 20.
1977 3089 2076 3134 Do
