2158 3906
334 313 437 367 112
889 319 943 363 P.
978 317 1187 365 OVIDII
1216 315 1487 363 NASONIS

222 445 306 484 605
341 445 528 495 corpus
559 434 617 476 ut
648 421 875 491 aspexit,
908 419 1134 472 lacrimis
1167 419 1351 487 auriga
1380 417 1607 487 profusis

410 495 612 548 restitit.
688 493 826 543 hunc
858 490 949 542 tali
979 489 1192 559 corripit
1220 490 1309 540 illa
1340 506 1490 540 sono:

340 567 538 627 ‘vadis,
570 584 637 615 an
668 569 912 631 expectas
942 561 1168 629 pretium
1198 559 1406 629 pietatis
1438 559 1706 611 amarum?

412 637 536 696 duc,
566 635 807 701 inquam,
839 631 1031 683 invitas
1061 631 1178 701 ipsa
1207 650 1301 699 per
1331 648 1423 682 ora
1452 629 1642 681 rotas1'

340 716 482 762 certa
510 704 639 757 fides
671 702 812 755 facti.
889 702 1058 754 dictus
1093 701 1393 755 Sceleratus
1423 700 1491 753 ab
1520 700 1610 752 illa

225 797 309 835 610
411 778 581 837 vicuS,
613 783 665 826 et
694 783 908 827 aeterna
937 791 1020 826 res
1051 791 1114 826 ea
1142 791 1325 842 pressa
1353 780 1495 823 nota.

339 858 456 918 post
488 857 665 898 tamen
694 844 795 897 hoc
827 862 954 896 ausa
985 853 1064 896 est
1093 843 1371 912 templum,
1401 841 1726 894 monimenta
1755 839 2006 911 parentiS‚

411 928 644 986 tangere.
718 915 851 967 mira
881 914 1123 982 quidem,
1154 914 1247 966 sed
1277 923 1454 965 tamen
1485 922 1602 964 acta
1631 912 1833 979 loquar.

341 990 551 1059 signum
580 995 690 1040 erat
720 986 776 1038 in
807 986 936 1038 solio
966 985 1200 1037 residens
1231 984 1329 1037 sub
1360 983 1589 1052 imagine
1620 982 1787 1034 Tulli:

411 1059 601 1111 dicitur
631 1057 730 1110 hoc
762 1056 926 1109 oculis
958 1056 1266 1126 opposuisse
1297 1073 1531 1116 manum,

229 1149 311 1188 615
345 1140 397 1184 et
427 1149 531 1182 vox
562 1129 742 1181 audita
773 1137 851 1181 est
883 1128 1080 1180 ‘voltus
1112 1125 1416 1178 abscondite
1447 1133 1668 1186 nostrOS‚

413 1221 479 1254 ne
510 1210 664 1254 natae
696 1199 908 1251 videant
940 1217 1036 1259 ora
1059 1197 1291 1250 nefanda
1320 1195 1518 1249 meae!'

343 1283 488 1325 veste
520 1272 642 1323 data
672 1270 882 1339 tegitur.
957 1278 1100 1321 vetat
1130 1269 1266 1320 hanc
1296 1267 1533 1319 Fortuna
1564 1266 1763 1319 moveri

416 1352 467 1396 et
498 1343 570 1394 sic
604 1362 631 1394 e
662 1342 856 1410 templo
888 1349 966 1393 est
995 1340 1110 1409 ipsa
1139 1340 1315 1391 locuta
1346 1356 1463 1390 suo:

346 1422 458 1466 ‘ore
488 1414 719 1466 revela-to
751 1430 856 1479 qua
885 1411 1114 1480 primum
1143 1410 1260 1462 luce
1290 1409 1492 1479 patebit

231 1503 315 1541 620
420 1484 661 1545 ServiUS,
694 1483 823 1535 haec
854 1482 1010 1552 positi
1040 1481 1208 1551 prima
1237 1480 1451 1549 pudoris
1484 1478 1613 1531 erit.’

345 1556 568 1625 parcite,
600 1563 893 1613 matronae,
926 1553 1113 1606 vetitas
1144 1551 1400 1621 attingere
1431 1560 1626 1603 vestes:

418 1625 655 1678 sollemni
686 1624 810 1677 satis
843 1633 921 1676 est
951 1642 1080 1676 voce
1111 1641 1323 1675 movere
1351 1639 1557 1692 preces3

347 1697 517 1764 sitque
550 1705 708 1765 caput
740 1714 945 1764 semper
975 1694 1215 1747 Romano
1247 1702 1416 1745 tectus
1450 1691 1660 1752 amictu,

403 1768 510 1836 ⁴qui
540 1786 632 1819 rex
662 1767 716 1818 in
746 1776 923 1817 nostra
955 1765 1207 1834 septimus
1238 1763 1368 1815 urbe
1400 1762 1515 1814 fuit.

195 1859 198 1861 ·
233 1857 315 1895 625
347 1848 544 1891 arserat
573 1838 673 1891 hoc
703 1837 975 1906 templum.
1050 1835 1201 1904 signo
1232 1843 1409 1886 tamen
1438 1833 1525 1884 ille
1555 1831 1789 1902 pepercit

418 1909 578 1978 ignis:
612 1927 768 1978 opem
796 1917 921 1959 nato
952 1906 1218 1958 Mulciber
1248 1905 1359 1974 ipse
1390 1904 1525 1956 tulit.

348 1998 575 2047 namque
606 1988 755 2048 pater
785 1978 928 2030 Tulli
957 1977 1252 2038 VolcanuS‚
1285 1973 1507 2028 Ocresia
1538 1982 1704 2026 mater

419 2050 711 2120 praesignis
741 2049 877 2102 facie
910 2046 1263 2100 Corniculana
1293 2045 1409 2098 fuit.

349 2122 485 2174 hanc
517 2140 697 2174 secum
727 2119 1014 2187 Tanaquil,
1047 2118 1207 2171 sacris
1239 2118 1303 2170 de
1334 2135 1478 2170 more
1510 2115 1754 2186 peractiS,

237 2211 320 2250 630
422 2192 573 2245 iussit
601 2192 657 2243 in
688 2200 931 2244 ornatum
961 2190 1182 2242 fundere
1211 2189 1335 2240 vina
1363 2187 1558 2240 focum.

349 2264 434 2316 hic
464 2263 599 2316 inter
629 2262 827 2315 cineres
859 2261 1073 2313 obsceni
1102 2261 1273 2312 forma
1303 2259 1464 2311 virilis

423 2343 514 2386 aut
543 2333 644 2385 fuit
675 2342 766 2385 aut
795 2333 908 2384 visa
939 2342 1041 2384 est:
1075 2331 1168 2384 sed
1198 2331 1297 2382 fuit
1327 2331 1416 2382 illa
1447 2329 1633 2398 magis.

350 2406 495 2457 iussa
525 2405 645 2457 foco
676 2404 885 2473 captiva
915 2403 1076 2455 sedet.
1153 2410 1435 2470 conceptus
1468 2401 1534 2452 ab
1565 2400 1656 2451 illa

426 2475 641 2529 Servius
674 2494 704 2526 a
735 2475 880 2526 caelo
913 2473 1114 2526 semina
1142 2472 1314 2542 gentis
1345 2471 1520 2523 habet.

240 2564 322 2602 635
354 2546 506 2616 signa
537 2546 680 2598 dedit
708 2545 939 2614 genitor,
971 2554 1096 2595 tunc
1128 2562 1246 2596 cum
1280 2551 1438 2612 caput
1466 2541 1590 2611 igne
1623 2558 1839 2604 corus-co

426 2616 665 2686 contigit,
696 2616 855 2683 inque
887 2615 1048 2667 comis
1079 2615 1353 2666 flammeus
1383 2613 1510 2664 arsit
1540 2631 1691 2681 apex.
1720 2640 1796 2648 —

354 2697 405 2741 te
437 2705 647 2756 quoque
678 2686 982 2756 magnifica,
1016 2684 1336 2746 Concordia,
1369 2683 1576 2736 dedicat
1607 2681 1736 2735 aede

424 2758 607 2819 Livia,
639 2776 800 2826 quam
831 2775 950 2809 caro
981 2756 1238 2826 praestitit
1267 2755 1383 2824 ipsa
1414 2754 1542 2806 viro.

355 2830 496 2882 disce
527 2838 727 2891 tamen,
758 2829 974 2881 veniens
1006 2837 1173 2889 aetaS,
1204 2826 1298 2878 ubi
1328 2826 1484 2878 Livia
1514 2842 1654 2877 nunc
1685 2832 1765 2876 est

241 2919 324 2957 640
425 2901 683 2970 porticUS,
713 2900 983 2952 inmensae
1014 2908 1151 2951 tecta
1181 2898 1343 2950 fuisse
1376 2897 1579 2949 domus.

354 2972 500 3023 urbis
532 2990 663 3041 opus
695 2971 881 3023 domus
913 2989 1020 3022 una
1049 2969 1172 3031 fuit,
1206 2968 1539 3038 spatiumque
1570 2965 1799 3028 tenebat,

427 3061 531 3110 quo
562 3042 775 3094 brevius
805 3041 969 3094 muris
1001 3040 1195 3110 oppida
1223 3040 1390 3092 multa
1410 3047 1614 3092 tenent.

355 3112 485 3165 haec
516 3122 740 3181 aequata
770 3113 880 3165 solo
913 3121 1013 3173 est,
1044 3111 1188 3162 nullo
1220 3110 1318 3162 sub
1350 3109 1564 3162 crimine
1594 3107 1760 3176 regni,

429 3184 520 3236 sed
551 3184 676 3250 quia
703 3183 912 3235 luxuria
942 3182 1055 3234 visa
1084 3199 1273 3234 nocere
1304 3199 1415 3232 sua.

245 3270 325 3309 645
358 3255 604 3306 sustinuit
634 3262 805 3305 tantas
837 3271 1055 3322 operum
1085 3252 1387 3304 subvertere
1417 3250 1581 3302 moles

428 3334 609 3393 totque
643 3343 763 3376 suas
794 3323 946 3376 heres
977 3322 1196 3392 perdere
1229 3319 1427 3374 Caesar
1457 3339 1599 3390 opes·

359 3395 432 3448 sic
463 3395 638 3466 agitur
669 3413 890 3447 censura
920 3402 972 3446 et
1002 3393 1076 3445 sic
1107 3392 1348 3461 exempla
1377 3400 1645 3461 parantur,

429 3485 550 3519 cum
579 3465 799 3528 vindex,
832 3464 961 3518 alios
993 3463 1134 3533 quod
1165 3471 1363 3527 monet,
1394 3462 1506 3527 ipse
1537 3462 1680 3515 facit.
