2158 3906
515 347 829 395 TRISTIUM
857 347 979 393 LIB.
1011 347 1049 392 1.
1081 347 1120 406 1,
1150 346 1355 403 121—11,
1388 346 1455 391 78.

136 452 397 526 opprimet
425 450 562 504 hanc
593 450 823 503 animam
852 450 1067 513 fluctus,
1099 449 1399 518 frustraque
1429 447 1666 519 precanti

209 541 298 577 ore
327 530 606 576 necaturas
637 521 955 591 accipiemus
987 539 1167 590 aquas.

0 594 1 608 ¹
73 642 75 645 .
138 602 193 648 at
220 594 309 666 pia
336 593 410 646 nil
440 591 583 645 aliud
613 609 774 660 quam
805 611 888 645 me
921 592 1062 644 dolet
1093 592 1246 645 exule
1278 590 1531 644 coniunx=

207 664 309 718 hoc
336 682 502 717 unum
533 662 699 715 nostri
729 662 931 730 scitque
961 662 1230 732 gemitque
1261 662 1401 714 mali.

136 735 303 790 nescit
329 734 386 788 in
414 734 653 787 inmenso
682 732 865 786 iactari
896 750 985 786 cor
1025 751 1117 786 ora
1147 742 1327 803 pont0‚

206 804 374 860 nescit
404 804 492 875 agi
520 803 715 867 ventis,
745 803 912 857 nescit
943 823 973 856 a
1013 823 1127 858 esse
1158 822 1358 857 necem.

136 894 170 931 o
199 876 358 938 bene,
388 874 532 944 quod
561 893 666 928 non
698 893 815 927 sum
846 893 1054 928 mecum
1086 875 1438 929 conscendere
1468 891 1674 944 passus,

207 966 273 1002 ne
302 945 431 999 mihi
464 946 543 999 bis
573 945 766 999 misero
795 964 936 998 mors
968 945 1217 1016 patienda
1246 945 1404 999 foretl

137 1027 190 1073 at
219 1035 360 1071 nunc
390 1026 451 1071 ut
478 1035 716 1088 peream,
748 1017 997 1085 quoniam
1029 1026 1170 1070 caret
1199 1017 1314 1087 ipsa
1344 1016 1558 1087 pericIO,

208 1088 424 1142 dimidia
454 1097 591 1141 certe
622 1096 769 1158 parte
801 1096 1064 1158 superstes
1097 1105 1202 1141 ero.

137 1160 185 1214 ei
215 1159 367 1222 mihi,
399 1176 559 1228 quam
591 1158 746 1212 celeri
775 1158 1073 1211 micuerunt
1101 1158 1284 1210 nubila
1313 1156 1550 1210 flammal

167 1283 175 1292 ,
207 1238 435 1300 quantus
466 1230 533 1282 ab
564 1228 799 1283 aetherio
825 1238 1072 1299 personat
1103 1247 1201 1281 axe
1231 1227 1435 1298 fragor!
1531 1225 1539 1234 ’

8 1311 9 1363 j
53 1333 63 1341 ›
135 1320 233 1355 nee
263 1301 487 1354 laterum
516 1299 684 1353 levius
714 1299 925 1352 tabulae
956 1299 1219 1351 feriuntur
1248 1297 1316 1351 ab
1346 1297 1507 1359 unda,

207 1389 367 1441 quam
397 1388 560 1441 grave
590 1369 828 1429 ballistae
858 1369 1066 1422 moenia
1095 1369 1269 1439 pulsat
1299 1386 1449 1420 onus.

136 1443 228 1514 qui
258 1441 401 1496 venit
430 1441 516 1495 hic
545 1441 762 1503 fluctus,
791 1440 983 1492 fluctus
1015 1439 1369 1510 supereminet
1399 1456 1609 1492 omnes:

205 1511 463 1584 posterior
491 1529 630 1568 nono
662 1520 740 1565 est
770 1510 1155 1579 undecimoque
1187 1510 1344 1580 prior.

135 1602 234 1638 nec
262 1583 425 1637 letum
456 1582 641 1636 timeo:
673 1600 842 1652 genus
874 1590 954 1635 est
982 1581 1280 1634 miserabile
1310 1581 1416 1635 leti.

207 1654 399 1708 demite
429 1652 791 1724 naufragium:
822 1670 962 1704 mors
993 1651 1122 1704 mihi
1153 1670 1345 1705 munus
1376 1652 1491 1706 erit.

137 1734 217 1780 est
247 1724 469 1794 aliquid,
499 1724 677 1778 fatove
709 1742 805 1777 suo
837 1723 1044 1777 ferrove
1075 1723 1351 1776 cadentem

206 1796 261 1849 in
292 1794 459 1850 solida
486 1795 715 1849 moriens
745 1813 941 1865 ponere
971 1812 1162 1865 corpus
1194 1794 1372 1857 humo,

137 1875 190 1922 et
217 1866 467 1920 mandare
499 1866 606 1919 suis
636 1865 814 1935 aliqua
844 1875 895 1918 et
926 1884 1137 1936 sperare
1170 1866 1471 1936 sepulcrum

209 1947 258 1991 et
287 1956 395 1991 non
425 1936 699 2006 aequoreis
730 1936 963 2007 piscibus
995 1955 1109 1990 esse
1141 1937 1334 1990 cibum.

135 2009 319 2080 fingite
347 2027 434 2062 me
465 2007 685 2079 dignum
715 2007 807 2060 tali
836 2025 990 2061 nece:
1019 2026 1126 2060 non
1157 2026 1257 2078 ego
1288 2008 1430 2060 solus

207 2079 294 2133 hic
323 2079 503 2133 vehor.
576 2077 845 2131 inmeritos
876 2096 970 2131 cur
999 2098 1118 2131 mea
1147 2096 1318 2148 poena
1348 2076 1541 2131 trahit?

136 2168 233 2222 pro
264 2149 440 2221 superi
469 2148 768 2217 viridesque
800 2148 907 2212 dei,
938 2149 1131 2217 quibus
1163 2166 1394 2218 aequora
1424 2167 1600 2211 curae,

208 2229 431 2290 utraque
461 2220 567 2273 iam
598 2230 798 2273 vestras
830 2219 994 2272 sistite
1025 2220 1180 2272 turba
1209 2220 1403 2273 minas:

138 2308 404 2362 quamque
434 2291 579 2344 dedit
608 2291 772 2343 vitam
801 2290 1079 2343 mitissima
1111 2288 1356 2343 Caesaris
1386 2291 1481 2353 ira,

207 2363 344 2416 hanc
375 2361 526 2415 sinite
555 2361 740 2414 infelix
771 2361 838 2414 ad
867 2362 985 2414 loca
1013 2362 1158 2414 iussa
1187 2361 1370 2414 feram.

138 2433 206 2497 si,
237 2451 397 2503 quam
427 2432 737 2495 commerui,
768 2450 993 2502 poenam
1023 2451 1108 2484 me
1139 2433 1369 2502 pendere
1401 2432 1586 2485 vultis:

207 2505 363 2575 culpa
390 2522 510 2557 mea
540 2513 620 2557 est
650 2504 774 2574 Ipso
805 2503 977 2556 iudice
1010 2515 1175 2556 morte
1205 2504 1391 2556 minor.

135 2574 340 2628 mitt-ere
369 2593 454 2628 me
486 2573 702 2645 Stygias
733 2574 778 2627 si
806 2574 913 2626 iam
943 2574 1195 2627 voluisset
1226 2574 1295 2627 ad
1324 2574 1495 2627 undas

209 2644 432 2705 Caesar,
460 2644 516 2698 in
546 2646 646 2698 hoc
676 2655 851 2699 vestra
879 2663 987 2698 non
1017 2645 1247 2715 eguisset
1280 2663 1398 2715 ope.

139 2726 218 2770 est
245 2716 320 2770 illi
349 2715 514 2769 nostri
544 2734 651 2768 non
681 2716 941 2769 invidiosa
971 2716 1171 2769 cruoris

208 2787 382 2858 copia:
413 2787 661 2856 quodque
693 2786 860 2849 dedit,
892 2805 1013 2840 cum
1043 2786 1208 2849 volet,
1238 2787 1351 2856 ipse
1383 2787 1533 2840 feret.

137 2875 231 2911 vos
261 2857 441 2919 mod0,
474 2875 606 2926 quos
637 2866 777 2910 certe
806 2857 975 2919 nu110,
1006 2866 1136 2927 puto
1147 2895 1162 2919 ,
1193 2858 1409 2910 crimine
1440 2857 1587 2920 laesi,

208 2927 439 2983 contenti
467 2927 657 2981 nostris
686 2927 817 2990 iam,
848 2945 1058 2997 precor,
1090 2936 1199 2981 este
1227 2927 1406 2979 malis!

56 3044 64 3049 γ.
136 3017 235 3053 nec
264 3009 465 3061 tamen,
496 3008 554 3052 ut
585 2998 759 3052 cuncti
789 2999 1041 3051 miserum
1070 3017 1279 3051 servare
1309 2998 1500 3061 velitis,

208 3070 351 3139 quod
380 3068 557 3140 periit,
589 3070 792 3122 salvum
823 3087 964 3122 nunc
995 3077 1154 3138 caput
1185 3087 1298 3121 esse
1328 3078 1518 3137 potest.

137 3149 198 3194 ut
225 3159 370 3194 mare
401 3140 637 3193 considat
667 3140 943 3208 ventisque
973 3139 1264 3193 ferentibus
1296 3150 1430 3202 utar,

208 3221 267 3265 ut
295 3211 424 3264 mihi
455 3211 706 3282 parcatis:
737 3230 844 3263 non
874 3210 1047 3263 minus
1079 3211 1202 3263 exul
1233 3229 1338 3263 ero.

139 3299 246 3335 non
276 3301 375 3353 ego
406 3281 614 3335 divitias
645 3282 833 3334 avidus
863 3282 974 3335 sine
1003 3281 1108 3334 fine
1138 3281 1360 3351 parandi

209 3353 376 3406 latum
405 3352 669 3406 mutandis
701 3353 964 3407 mercibus
995 3370 1194 3420 aequor
1222 3370 1338 3404 aro:

138 3440 244 3476 non
275 3433 419 3494 pet0,
451 3442 582 3492 quas
613 3424 880 3492 quondam
909 3423 1036 3493 petii
1067 3423 1356 3484 studiosuS‚
1388 3423 1646 3486 AthenaS,

183 3493 406 3567 ’oppida
434 3512 539 3546 non
570 3494 758 3557 Asiae,
788 3513 895 3548 non
923 3495 1041 3547 loca
1070 3494 1184 3546 visa
1213 3493 1375 3564 prius,

1740 336 1838 388 121

1874 465 1930 503 35

1875 820 1934 859 40

1874 1173 1932 1212 45

1877 1530 1936 1567 50

1877 1883 1934 1921 55

1877 2237 1936 2275 60

1876 2591 1933 2629 65

1880 3301 1935 3338 75
