2158 3906
579 365 893 414 TRISTIUM
919 366 1041 411 LIB.
1073 366 1136 412 11.
1166 367 1411 413 327—414.
1753 355 1855 408 143

140 469 267 524 Ilias
295 467 412 539 ipsa
440 467 569 537 quid
598 477 678 522 est
708 468 882 530 aliud,
905 468 1007 520 nisi
1037 467 1297 531 adultera,
1330 468 1395 522 de
1425 485 1533 537 qua

59 606 61 609 .
210 539 346 593 inter
375 548 664 592 amatorem
732 558 877 609 ugna
906 539 1183 607 virumque
1213 539 1345 592 fuit?

143 610 271 679 quid
300 609 444 681 prius
475 619 552 662 est
583 609 658 662 illi
726 629 902 663 amma
933 607 1280 679 Chryseidos,
1311 619 1475 679 utque

213 679 396 735 fecerit
424 680 584 733 iratos
614 689 765 750 rapta
793 680 972 751 puella
1001 680 1195 734 duces?

142 760 234 805 aut
263 750 390 820 quid
420 749 511 804 Od
551 770 669 804 ssea
698 760 799 814 est,
829 751 930 804 nisi
959 750 1179 814 femina,
1210 761 1424 822 propter
1454 770 1706 816 amorem,
1879 767 1965 806 375

214 821 340 875 dum
369 822 450 876 vir
480 771 654 884 aliest,
684 822 862 875 multis
893 841 999 874 una
1027 823 1192 891 petita
1222 822 1378 875 viris?
1451 847 1454 850 >

142 892 283 962 quis,
313 892 414 946 nisi
443 892 780 956 Maeonidae,
810 893 1076 947 Venerem
1106 893 1445 962 Martemque
1476 893 1668 964 ligatos

213 972 413 1026 narrat,
444 963 498 1016 in
530 964 758 1017 obsceno
789 982 1009 1034 corpora
1038 983 1231 1034 prensa
1260 965 1407 1017 toro?

142 1034 283 1088 unde
311 1034 411 1088 nisi
440 1034 633 1089 indicio
664 1035 844 1105 magni
874 1035 1126 1088 sciremus
1156 1036 1397 1098 Homeri,

48 1108 50 1110 ’
212 1105 432 1176 hospitis
462 1106 585 1176 igne
617 1105 749 1159 duas
778 1106 1058 1159 incaluisse
1089 1106 1248 1159 deas?
1886 1120 1974 1162 380

141 1193 296 1230 omne
326 1195 496 1248 genus
527 1177 706 1247 scripti
735 1177 994 1247 gravitate
1024 1176 1297 1246 tragoedia
1329 1177 1512 1230 vincit:

213 1247 345 1302 haec
373 1265 585 1316 quoque
615 1248 888 1300 materiam
918 1266 1124 1316 semper
1154 1247 1345 1300 amoris
1376 1247 1553 1301 habet.

140 1337 265 1371 nam
295 1318 424 1386 quid
452 1318 507 1370 in
531 1318 825 1388 Hippolyto
856 1326 951 1380 est,
980 1317 1081 1369 nisi
1111 1335 1300 1370 caecae
1330 1318 1544 1370 flamma
1573 1317 1864 1371 novercae?

211 1389 402 1442 nobilis
434 1398 512 1442 est
544 1387 756 1442 Canace
786 1388 962 1441 fratris
993 1406 1170 1441 amore
1202 1388 1300 1440 sui.

140 1459 301 1529 quid?
330 1477 436 1512 non
465 1459 793 1522 Tantalides,
825 1459 1057 1541 agitante
1090 1456 1357 1529 Cupidine
1388 1476 1592 1521 currus,
1885 1475 1970 1516 385

210 1530 458 1584 Pisaeam
486 1530 738 1600 Phrygiis
768 1538 912 1583 vexlt
941 1530 1173 1583 eburnus
1204 1529 1385 1598 equis?

140 1601 403 1672 tingueret
431 1610 491 1654 ut
519 1601 717 1654 ferrum
747 1611 990 1653 natorum
1021 1600 1278 1670 sanguine
1308 1610 1494 1663 mater,

81 1732 86 1734 ,
212 1672 446 1726 concitus
477 1691 509 1725 a
538 1672 681 1725 laeso
711 1671 836 1725 fecit
865 1690 1043 1725 amore
1074 1672 1238 1724 dolor.

141 1742 267 1798 fecit
297 1761 444 1796 amor
472 1742 672 1796 subitas
703 1742 943 1796 volucres
974 1760 1095 1796 cum
1126 1742 1326 1813 paelice
1357 1762 1555 1814 regem,

211 1831 452 1883 quaeque
483 1833 638 1867 suum
666 1814 813 1884 luget
842 1832 984 1867 nunc
1014 1832 1225 1883 quoque
1256 1823 1424 1869 mater
1454 1815 1596 1884 Ityn.
1881 1830 1970 1870 890

141 1885 186 1939 si
214 1903 321 1939 non
349 1888 600 1956 Ae’ropen
630 1884 792 1938 frater
822 1885 1107 1939 sceleratus
1138 1894 1383 1948 amasset,

212 1974 424 2010 aversos
457 1955 595 2010 Solis
625 1974 731 2008 non
759 1957 1055 2026 legeremus
1086 1974 1268 2025 equos.

140 2027 303 2099 impia
332 2045 429 2081 nec
459 2027 686 2098 tragicos
717 2027 975 2097 tetigisset
1007 2028 1189 2098 Scylla
1218 2037 1483 2090 coturnos,

211 2098 267 2151 ni
296 2099 524 2168 patrium
555 2098 752 2151 crinem
783 2099 1103 2152 desecuisset
1133 2117 1297 2152 amor.

141 2169 234 2238 qui
261 2169 395 2239 legis
424 2169 675 2223 Electran
705 2179 757 2222 et
787 2180 1030 2239 egentem
1060 2170 1249 2223 mentis
1281 2167 1549 2233 Orestem,
1883 2184 1968 2224 395

212 2240 459 2310 Aegisthi
490 2240 687 2294 crimen
717 2240 1155 2310 Tyndaridosque
1185 2241 1336 2311 legis.

141 2311 399 2380 numquid
430 2311 495 2364 de
525 2311 709 2364 tetrico
740 2311 965 2364 referam
996 2312 1252 2365 domitore
1285 2309 1621 2375 Chimaerae,

212 2399 371 2450 quem
400 2383 505 2435 leto
535 2382 699 2435 fallax
728 2382 937 2453 hospita
966 2402 1134 2466 paene
1165 2383 1341 2437 dedit?

143 2453 270 2522 quid
298 2454 484 2522 loquar
514 2452 866 2516 Hermionen,
898 2454 1027 2522 quld
1057 2463 1132 2517 te,
1167 2453 1463 2508 Schoeneia
1493 2453 1663 2523 virg0,

213 2533 393 2592 teque,
423 2524 720 2594 Mycenaeo
750 2524 998 2578 Phoebas
1029 2534 1205 2578 amata
1234 2525 1388 2578 duci?
1881 2540 1969 2579 400

143 2594 270 2663 quid
299 2595 525 2649 Danaen
554 2595 877 2664 Danaesque
906 2615 1099 2649 nurum
1129 2605 1459 2664 matremque
1491 2594 1664 2665 Lyaei

212 2666 595 2735 Haemonaque
627 2675 679 2720 et
707 2676 914 2729 nocteS,
945 2685 1083 2735 quae
1113 2668 1309 2729 coiere,
1341 2667 1507 2720 duas?

143 2736 270 2805 quid
298 2736 481 2790 Peliae
510 2755 788 2807 generum,
821 2739 950 2806 quid
979 2739 1211 2800 Thesea,
1242 2738 1438 2807 quidve
1467 2737 1760 2807 Pelasgum

213 2807 430 2860 Iliacam
460 2808 551 2860 teti
591 2808 631 2860 it
660 2808 751 2876 qui
780 2819 892 2861 rate
921 2809 1121 2879 primus
1151 2808 1407 2861 humum?

46 2948 50 2951 ᾖ
142 2876 246 2931 huc
275 2878 386 2932 Iole
416 2878 556 2948 Pyrr
594 2879 716 2946 ique
746 2897 961 2948 parenS,
992 2880 1096 2932 huc
1125 2880 1374 2933 Herculis
1405 2897 1559 2942 uxor,
1882 2896 1969 2936 405

212 2948 322 3002 huc'
347 2949 565 3002 accedat
592 2950 765 3019 Hylas
794 2950 1096 3019 Iliacusque
1125 2969 1274 3020 puer.

144 3027 377 3090 tempore
409 3019 645 3083 deficiar,
676 3020 903 3090 tragicos
937 3022 981 3073 si
1010 3039 1298 3091 persequar
1325 3020 1496 3090 igneS,

214 3091 407 3159 vixque
437 3110 586 3144 meus
617 3092 789 3162 capiet
816 3091 1032 3145 nomina
1060 3092 1205 3145 nuda
1233 3092 1383 3145 liber.

146 3171 224 3214 est
253 3171 305 3214 et
333 3162 388 3215 in
418 3162 674 3216 obscenos
705 3162 910 3216 deflexa
939 3163 1212 3233 tragoedia
1241 3163 1394 3225 risus,

216 3232 484 3303 multaque
513 3234 779 3304 praeteriti
809 3234 972 3287 verba
1000 3234 1216 3305 pudoris
1246 3233 1423 3286 habet.
1886 3252 1973 3291 410

146 3321 243 3356 nec
270 3314 422 3358 nocet
453 3306 675 3368 auctori,
706 3305 920 3359 mollem
950 3305 1042 3374 qui
1071 3305 1197 3359 fecit
1224 3305 1509 3369 Achillem,

216 3373 350 3428 infre
390 3375 492 3429 isse
522 3376 629 3429 suis
660 3376 816 3429 fortia
845 3377 987 3430 faeta
1014 3376 1202 3430 modis.

147 3441 317 3497 iunxit
400 3446 630 3509 ristideS,
661 3447 875 3501 Milesia
905 3448 1145 3510 crimina,
1178 3466 1388 3501 sexum:

218 3515 399 3585 pulsus
431 3517 691 3571 Aristides
723 3537 821 3573 nec
852 3528 1031 3574 tamen
1060 3519 1193 3573 urbe
1224 3538 1321 3572 sua
1351 3526 1446 3572 est.
