2158 3906
396 279 465 333 38
955 288 1010 331 P.
1043 285 1250 331 OVIDII
1278 283 1547 330 NASONIS

397 392 511 444 iure
544 391 710 454 venis,
745 389 1001 442 Gradive:
1034 389 1209 439 locum
1240 395 1332 439 tua
1363 396 1599 455 tempora
1631 396 1873 455 poscunt,

472 462 810 530 signatusque
843 469 932 510 tuo
964 458 1174 510 nomine
1206 457 1401 510 mensis
1433 458 1597 508 adest.

398 533 637 585 venimus
668 531 720 581 in
753 538 986 597 portum,
1017 529 1151 580 libro
1183 548 1303 586 cum
1333 547 1513 580 mense
1543 536 1780 595 peracto:

470 602 683 670 naviget
712 600 833 652 hinc
864 598 966 651 alia
994 599 1100 651 iam
1130 599 1259 651 mihi
1286 598 1441 651 linter
1472 616 1625 667 aqua.

994 822 1187 866 LIBER
1216 821 1508 868 TERTIUS.

398 954 621 1012 Bellice,
654 952 904 1022 depositis
936 953 1103 1021 clipeo
1135 953 1402 1021 paulisper
1432 961 1484 1004 et
1513 951 1681 1012 hasta,

471 1026 642 1086 Mars,
675 1025 799 1076 ades
832 1032 883 1075 et
914 1023 1104 1075 nitidas
1137 1023 1339 1075 casside
1370 1023 1515 1075 solve
1547 1040 1740 1073 comas.

399 1096 620 1148 forsitan
649 1095 761 1164 ipse
792 1112 968 1163 roges,
1001 1094 1128 1162 quid
1160 1095 1226 1145 sit
1257 1112 1378 1146 curn
1408 1094 1583 1144 Marte
1614 1091 1835 1161 poetae?

472 1186 502 1217 a
532 1176 606 1227 te,
638 1166 727 1233 qui
760 1166 987 1227 canitur,
1018 1164 1230 1217 nomina
1260 1164 1455 1217 mensis
1486 1163 1661 1215 habet.

341 1254 369 1293 5
400 1237 512 1308 ipse
544 1236 690 1288 vides
721 1236 965 1288 manibus
997 1236 1180 1305 peragi
1210 1235 1324 1288 fera
1353 1235 1492 1287 bella
1522 1234 1824 1287 Minervae:

471 1327 600 1359 num
629 1307 801 1358 minus
832 1307 1075 1376 ingenuis
1108 1306 1308 1358 artibus
1340 1306 1431 1357 illa
1460 1305 1644 1357 vacat?

400 1378 634 1430 Palladis
666 1379 907 1447 exemplo
939 1377 1213 1446 ponendae
1244 1387 1482 1446 tempora
1512 1394 1660 1427 sume

472 1449 724 1518 cuspidis:
757 1449 992 1500 invenies
1024 1457 1098 1510 et,
1130 1447 1273 1516 quod
1301 1446 1514 1499 inermis
1546 1465 1691 1515 agas.

401 1529 527 1575 tunc
558 1537 769 1588 quoque
799 1519 1011 1572 inermis
1043 1538 1184 1580 eraS,
1216 1538 1337 1571 cum
1367 1527 1419 1570 te
1450 1518 1691 1570 Romana
1724 1515 1968 1567 sacerdos

320 1608 372 1647 10
474 1591 636 1659 cepit,
667 1599 726 1642 ut
758 1590 878 1642 huic
908 1589 1025 1641 urbi
1057 1589 1258 1642 semina
1289 1589 1450 1658 digna
1481 1588 1649 1640 dares·

403 1661 570 1715 Silvia
600 1661 831 1715 Vestalis
860 1691 933 1698 --
961 1660 1090 1728 quid
1120 1660 1259 1713 enim
1290 1668 1433 1713 vetat
1461 1659 1584 1710 inde
1614 1656 1844 1709 moveri?
1875 1684 1948 1694 --

473 1751 619 1784 sacra
649 1732 912 1784 lavaturas
943 1751 1096 1784 mane
1126 1731 1340 1800 petebat
1370 1748 1551 1798 aquas,

403 1813 619 1856 ventum
650 1811 761 1856 erat
791 1803 859 1855 ad
889 1802 1032 1854 molli
1064 1802 1322 1854 declivem
1350 1801 1558 1853 tramite
1590 1800 1782 1869 ripam:

473 1874 685 1943 ponitur
714 1892 743 1925 e
776 1892 981 1925 summa
1010 1873 1182 1924 fictilis
1213 1892 1347 1924 urna
1376 1890 1542 1924 coma.

321 1961 370 1999 15
402 1945 544 1998 fessa
572 1944 766 2001 resedit
796 1944 956 1996 humo
989 1953 1279 2010 ventosque
1310 1943 1513 2012 accepit
1544 1951 1724 2011 aperto

473 2024 706 2084 pectore,
737 2015 972 2066 turbatas
1002 2014 1334 2082 restituitque
1365 2031 1558 2065 comas.

403 2086 531 2137 dum
562 2086 733 2149 sedet,
764 2085 1046 2138 umbrosae
1077 2085 1261 2137 salices
1293 2085 1638 2151 volucresque
1671 2100 1896 2135 canorae

473 2157 712 2210 fecerunt
743 2174 954 2208 somnos
986 2165 1038 2209 et
1066 2156 1181 2209 leve
1212 2174 1451 2207 murmur
1480 2173 1666 2223 aquae.

403 2227 597 2280 blanda
626 2227 775 2294 quies
805 2228 989 2280 furtim
1019 2226 1169 2279 victis
1201 2226 1433 2295 obrepsit
1463 2226 1658 2286 ocelliS,

317 2315 373 2354 20
474 2308 526 2351 et
557 2299 695 2351 cadit
726 2318 756 2350 a
786 2308 963 2351 mento
993 2298 1247 2366 languida
1276 2296 1419 2348 facta
1446 2314 1652 2347 manus·

403 2369 553 2421 Mars
585 2369 727 2421 videt
757 2368 915 2430 hanc,
946 2368 1219 2435 visamque
1251 2367 1417 2436 cupit,
1448 2366 1750 2435 potiturque
1783 2365 1981 2434 cupita,

477 2450 528 2492 et
559 2459 655 2492 sua
686 2439 863 2491 divina
892 2439 1034 2491 furta
1063 2438 1251 2491 fefellit
1281 2456 1397 2507 ope.

406 2529 618 2563 somnus
650 2510 779 2562 abit:
812 2511 947 2562 iacet
975 2509 1091 2578 ipsa
1119 2508 1313 2577 gravis.
1387 2508 1493 2560 iam
1525 2507 1722 2560 scilicet
1751 2506 1889 2558 intra

475 2582 678 2633 viscera
707 2581 978 2633 Romanae
1011 2580 1248 2632 conditor
1277 2578 1422 2631 urbis
1454 2587 1581 2630 erat.

318 2668 374 2708 25
403 2652 658 2721 languida
688 2651 958 2720 consurgit
988 2669 1086 2703 nec
1117 2651 1236 2713 scit,
1269 2668 1362 2702 cur
1390 2648 1644 2719 languida
1675 2657 1874 2718 surgat,

476 2732 527 2775 et
555 2722 762 2792 peragit
791 2722 909 2774 talis
941 2722 1126 2774 arbore
1156 2721 1282 2773 nixa
1312 2738 1492 2773 sonos:

406 2794 558 2846 ‘utile
591 2793 657 2846 sit
686 2794 1050 2860 faustumque,
1081 2810 1289 2862 precor,
1320 2791 1463 2858 quod
1492 2788 1724 2859 imagine
1755 2789 1946 2842 somni

475 2865 720 2916 vidimus·
796 2883 864 2917 an
895 2881 1078 2916 somno
1110 2863 1299 2916 clarius
1329 2862 1459 2915 illud
1490 2862 1632 2915 erat?

404 2936 617 3005 ignibus
648 2935 822 2987 Iliacis
854 2935 1090 2996 aderam,
1123 2953 1244 2987 cum
1274 2934 1424 3003 lapsa
1454 2932 1655 3003 capillis

320 3022 376 3062 30
478 3006 670 3059 decidit
700 3015 821 3059 ante
851 3024 1026 3058 sacros
1055 3006 1210 3058 lanea
1239 3005 1369 3056 vitta
1398 3004 1561 3057 focos·

405 3076 528 3129 inde
559 3077 695 3129 duae
726 3076 921 3146 pariter
950 3106 1021 3114 —
1049 3076 1166 3128 visu
1196 3075 1435 3128 mirabile
1464 3104 1536 3111 —
1566 3074 1773 3143 palmae

478 3156 717 3216 surgunt.
791 3167 856 3200 ex
886 3147 987 3198 illis
1020 3147 1183 3199 altera
1212 3145 1378 3197 maior
1409 3154 1520 3197 erat

408 3226 459 3270 et
488 3218 738 3286 gravibus
769 3217 928 3270 ramis
958 3226 1129 3269 totum
1158 3224 1470 3285 protexerat*
1490 3215 1673 3268 orbem

480 3288 874 3357 contigeratque
905 3306 1001 3340 sua
1030 3287 1201 3339 sidera
1231 3305 1438 3338 summa
1468 3304 1633 3338 coma.

322 3375 376 3414 35
409 3377 530 3413 ecce
559 3377 708 3412 meus
738 3358 937 3411 ferrum
967 3366 1186 3427 patruus
1217 3356 1429 3409 molitur
1457 3356 1512 3408 in
1542 3356 1680 3408 illas:

479 3440 674 3484 terreor
705 3428 1000 3492 admonitu,
1032 3445 1226 3497 corque
1258 3427 1443 3480 timore
1475 3427 1651 3480 micat.
