2158 3906
390 301 496 355 222
941 309 997 352 Ρ.
1031 309 1238 355 OVIDII
1266 307 1538 355 NASONIS
1602 320 1604 323 ’

394 424 444 467 et
473 431 635 483 grave
666 410 989 481 magnanimi
1018 410 1180 463 robur
1209 411 1399 464 mirare
1429 409 1597 464 Rutili

464 502 570 535 non
600 483 682 535 usi
712 482 910 534 reditus
943 482 1251 534 condicione
1283 481 1413 534 dati.

309 572 361 611 65
396 554 624 623 Smyrna
653 553 824 605 virum
855 552 1045 614 tenuit,
1076 570 1182 604 non
1212 552 1416 604 Pontus
1449 560 1501 605 et
1529 551 1732 606 hostica
1761 549 1940 614 telluS,

465 642 649 694 paene
663 623 836 675 minus
865 623 1011 675 nullo
1044 621 1273 692 Smyrna
1301 623 1531 692 petenda
1558 622 1691 676 1000.

393 713 498 748 non
530 693 696 746 doluit
725 694 894 764 patria
926 691 1160 764 Cynicus
1191 694 1376 764 procul
1405 712 1522 748 esse
1553 692 1842 764 Sinopeus.

464 765 593 834 legit
624 765 762 818 enim
795 765 944 818 sedes
954 803 970 827 ,
998 765 1184 817 Attica
1209 774 1372 828 terra,
1403 773 1538 817 tuas·

394 855 540 890 arma
569 835 852 888 Neoclides
882 835 974 904 qui
1002 835 1219 889 Persica
1250 835 1487 888 contudit
1516 835 1697 899 armis,

311 925 366 963 70
466 906 722 976 Argolica
750 907 974 976 primam
1006 907 1168 960 sensit
1196 906 1252 958 in
1281 906 1412 959 urbe
1442 906 1644 976 fugam.

394 978 579 1047 pulsus
611 977 874 1030 Aristides
906 977 1076 1046 patria
1105 977 1512 1031 Lacedaemona
1541 977 1696 1047 fugit,

466 1049 602 1102 inter
630 1066 762 1117 quas
795 1048 1040 1111 dubium,
1072 1066 1208 1117 quae
1275 1048 1380 1100 rior
1411 1056 1571 1110 esset,
1603 1056 1730 1101 erat.

396 1120 556 1173 caede
586 1139 718 1189 puer
747 1119 889 1173 facta
918 1119 1198 1172 Patroclus
1288 1127 1453 1189 punta
1481 1118 1693 1187 reliquit

468 1191 933 1259 Thessalicamque
964 1190 1116 1253 adiit,
1146 1189 1338 1260 hospes
1368 1189 1619 1252 Achillis,
1650 1189 1894 1243 humum.

314 1278 365 1317 75
398 1262 520 1315 exul
551 1262 618 1314 ab
649 1262 947 1315 Haemonia
976 1261 1228 1328 Pirenida
1258 1260 1412 1314 cessit
1443 1260 1511 1313 ad
1540 1260 1755 1324 undam,

470 1351 574 1401 quo
606 1333 739 1386 duce
770 1333 913 1385 trabs
947 1330 1151 1386 Colcha
1181 1350 1332 1385 sacra
1361 1331 1592 1384 cucurrit
1622 1349 1777 1400 aqua.

395 1403 549 1471 liquit
579 1404 913 1474 Agenorides
946 1403 1168 1457 Sidonia
1197 1402 1406 1456 moenia
1437 1400 1692 1466 CadmuS,

469 1484 687 1557 poneret
717 1483 777 1527 ut
807 1493 984 1527 muros
1014 1475 1069 1527 in
1098 1474 1314 1528 meliore
1343 1475 1479 1526 loco·

398 1545 543 1599 venit
574 1546 642 1598 ad
672 1546 964 1599 Adrastum
994 1545 1212 1615 Tydeus
1245 1543 1521 1626 Calydone
1551 1543 1786 1614 fugatus,

313 1633 367 1672 80
470 1626 521 1669 et
550 1616 817 1669 Teucrum
845 1616 1045 1670 Veneri
1074 1626 1226 1685 grata
1254 1614 1453 1685 recepit
1481 1588 1689 1667 humus.

400 1687 529 1756 quid
558 1687 784 1741 referam
814 1696 1017 1740 veteres
1046 1687 1319 1740 Romanae
1349 1685 1546 1756 gentis,
1578 1685 1719 1755 apud
1750 1703 1889 1754 quos

472 1758 714 1811 exulibus
745 1758 899 1811 tellus
929 1758 1116 1810 ultima
1147 1757 1316 1809 Tibur
1346 1756 1489 1810 erat?

398 1847 684 1899 persequar
713 1837 774 1880 ut
803 1837 1043 1891 cunctos,
1072 1828 1205 1880 nulli
1234 1829 1390 1880 datus
1420 1826 1664 1879 omnibus
1695 1827 1840 1880 aevis

471 1909 579 1952 tam
610 1900 795 1982 procul
823 1919 855 1951 a
891 1899 1059 1969 patria
1090 1908 1169 1952 est
1197 1897 1563 1966 horridiorque
1593 1897 1756 1949 locuS.

314 1986 367 2025 85
401 1988 506 2040 quo
536 1970 708 2040 magis
738 1969 977 2040 ignoscat
1008 1969 1267 2040 sapientia
1295 1977 1471 2022 vestra
1501 1967 1714 2030 dolenti,

472 2041 564 2109 qui
593 2041 720 2094 facit
750 2060 816 2094 ex
847 2041 998 2094 dictis
1028 2059 1135 2094 non
1163 2041 1238 2093 ita
1266 2040 1435 2093 multa
1463 2039 1584 2091 tuis.

399 2131 497 2166 nec
527 2122 705 2165 tamen
732 2111 952 2175 infitior,
984 2112 1029 2164 si
1057 2111 1261 2182 possint
1289 2105 1470 2164 nostra
1499 2110 1638 2163 coire

472 2184 713 2246 vulnera,
743 2183 1037 2253 praeceptis
1067 2201 1223 2253 posse
1254 2182 1393 2236 coire
1423 2181 1544 2234 tuis.

402 2255 493 2308 sed
523 2273 730 2317 vereor,
759 2273 826 2308 ne
856 2273 941 2308 me
971 2254 1167 2307 frustra
1196 2271 1406 2307 servare
1434 2252 1661 2315 laboreS,

316 2340 371 2380 90
473 2345 579 2378 neu
607 2325 758 2378 iuver
788 2325 1001 2379 admota
1029 2325 1282 2407 perditus
1297 2343 1455 2394 aeger
1485 2341 1601 2392 ope.

400 2415 499 2450 nec
528 2397 716 2465 loquor
744 2396 898 2458 haec,
931 2396 1056 2465 quia
1086 2396 1151 2448 sit
1179 2395 1346 2448 maior
1360 2369 1655 2464 prudentia
1683 2394 1862 2458 nobis3

474 2468 567 2520 sed
598 2486 716 2519 sum
745 2484 906 2535 quam
934 2467 1140 2519 medico
1169 2465 1342 2518 notior
1369 2466 1482 2535 ipse
1512 2464 1656 2516 mihi.

401 2546 461 2590 ut
490 2547 667 2591 tamen
696 2537 798 2590 hoc
826 2538 901 2589 ita
930 2537 1021 2600 sit,
1050 2555 1244 2589 munus
1274 2545 1367 2589 tua
1396 2535 1598 2605 grande
1628 2535 1873 2588 voluntas

475 2608 543 2660 ad
572 2627 658 2661 me
687 2608 950 2678 pervenit,
983 2608 1375 2676 consuliturque
1405 2606 1547 2659 boni.

1206 2721 1306 2775 IV.

402 2821 520 2873 Iam
548 2820 678 2872 mihi
708 2820 932 2874 deterior
962 2819 1106 2873 canis
1137 2819 1435 2890 aspergitur
1463 2828 1625 2883 aetas,
1874 2819 1921 2862 U
1921 2817 1967 2862 X
1974 2817 2110 2865 ORE

474 2892 686 2960 iamque
714 2910 860 2945 meos
890 2892 1069 2944 vultus
1098 2910 1234 2961 ruga
1265 2891 1440 2944 senilis
1471 2900 1608 2953 arat3

402 2962 508 3015 iam
538 2963 691 3045 vigor
722 2971 774 3016 et
803 2981 995 3032 quasso
1025 2961 1323 3045 languent
1308 2981 1365 3015 111
1393 2979 1612 3044 corpore
1642 2961 1797 3025 vires,

474 3052 597 3096 1100,
627 3033 806 3088 iuveni
835 3035 983 3087 lusus
1014 3033 1105 3101 qui
1134 3034 1403 3103 placuere,
1432 3032 1632 3084 iuvant.

348 3121 373 3158 5
403 3123 526 3167 nec,
559 3105 603 3157 si
631 3124 717 3158 me
747 3104 921 3158 subito
952 3104 1157 3167 videas,
1189 3121 1475 3174 agnoscere
1505 3102 1699 3172 possis.

478 3175 663 3228 aetatis
693 3174 836 3228 facta
866 3184 945 3229 est
974 3183 1120 3228 tanta
1147 3175 1302 3227 ruina
1330 3191 1496 3227 meae.

407 3246 680 3308 confiteor,
711 3246 886 3327 facere
915 3245 1016 3298 hoc
1047 3262 1234 3297 annos:
1268 3245 1361 3298 sed
1390 3252 1443 3297 et
1473 3243 1637 3297 altera
1666 3261 1826 3296 causa
1857 3252 1954 3307 est,

478 3315 715 3368 anxietas
746 3315 907 3367 animi
937 3315 1319 3382 continuusque
1347 3314 1513 3367 labor.

407 3406 533 3440 nam
562 3405 681 3439 mea
711 3405 805 3455 per
833 3387 1019 3454 longos
1050 3385 1095 3437 si
1125 3386 1243 3453 quis
1272 3385 1413 3438 mala
1444 3384 1647 3467 digerat
1678 3404 1964 3451 0111100,-

324 3474 378 3514 10
481 3457 634 3511 crede
663 3456 791 3509 mihi
820 3487 891 3494 —
919 3455 1074 3525 Pylio
1104 3456 1327 3510 Nestore
1357 3430 1531 3510 maior
1553 3475 1658 3510 ero,
