2158 3906
485 382 574 427 EX
602 381 819 429 PONTO
849 382 972 428 LIB.
1003 383 1066 428 11.
1097 383 1136 440 Ι,
1167 382 1344 441 37-ΙῙ,
1373 383 1444 430 54.

30 487 55 504 ”
84 491 212 553 [nec
239 500 336 537 nos
365 481 624 537 Enceladi
654 484 919 539 dementia
948 493 1121 538 castra
1151 485 1317 540 secuti

47 553 52 605 f
183 553 240 608 in
267 571 444 608 rerum
474 553 713 608 dominos
744 555 1005 609 movimus
1036 575 1183 610 arma
1213 557 1356 610 deos.

29 669 31 687 4
83 638 236 688 ¹nec,
266 623 410 694 quod
439 623 682 695 Tydidae
712 626 990 680 temeraria
1019 626 1235 681 dextera
1263 627 1406 690 fecit,

0 749 1 752 ,
29 714 46 758 φ
82 719 87 730 ‘
185 694 402 767 numina
431 705 554 749 sunt
582 696 700 750 telis
730 697 839 749 ulla
906 697 1031 750 etita
1061 698 1208 752 meis.

80 772 196 822 'est
223 784 342 820 mea
370 765 527 837 culpa
555 766 758 837 gravis,
789 786 844 821 se
913 786 1049 837 quae
1078 788 1163 822 me
1193 768 1413 839 perdere
1444 769 1617 823 solum

186 855 316 891 ausa
345 835 437 901 sit,
468 846 522 891 et
550 838 756 891 nullum
785 838 956 891 maius
987 839 1179 892 adorta⁴
1200 840 1367 894 nefas.

63 936 65 938 ·
94 907 189 963 'nil
216 906 317 961 nisi
345 924 453 962 non
482 908 692 980 sapiens
723 927 940 979 possum
970 910 1290 980 timidusque
1321 911 1523 964 vocari:

51 989 58 1034 ἶ
184 977 314 1032 haec
345 977 451 1032 duo
481 989 604 1033 sunt
635 979 795 1033 animi
825 980 1040 1034 nomina
1069 1000 1195 1035 vera
1223 982 1343 1035 mei.

28 1054 57 1118 ξι
87 1059 228 1104 &esse
293 1048 470 1104 uidem
501 1049 672 1104 fateor
700 1051 939 1105 meritam
972 1062 1091 1122 post
1122 1050 1367 1107 Caesaris
1399 1052 1531 1105 iram

95 1124 97 1126 ’
185 1119 269 1173 dif
302 1119 455 1174 cilem
484 1121 730 1192 precibus
760 1131 811 1176 te
842 1140 1052 1191 quoque
1083 1123 1195 1178 iure
1226 1123 1374 1177 meis.

28 1189 87 1262 „gf
110 1208 355 1261 quaeque
384 1199 477 1245 tua
507 1201 586 1246 est
615 1192 781 1262 pietas
811 1193 866 1246 in
896 1202 1066 1246 totum
1096 1211 1287 1248 nomen
1320 1193 1441 1256 Iuli,

28 1269 58 1311 ;”
96 1319 98 1322 ,
183 1270 235 1316 te
264 1261 426 1324 laedi,
458 1280 580 1316 cum
610 1263 729 1332 quis
759 1264 985 1317 laeditur
1015 1263 1162 1327 inde,
1193 1273 1366 1334 putas.

86 1331 207 1387 sed
236 1332 358 1387 licet
388 1352 534 1387 arma
562 1333 702 1388 feras
733 1343 785 1388 et
814 1335 1034 1388 vulnera
1063 1354 1222 1388 saeva
1251 1334 1482 1397 mineriS,

28 1442 29 1462 ff
183 1421 291 1457 non
320 1413 499 1458 tamen
529 1405 748 1468 efficies,
780 1414 839 1458 ut
868 1406 1084 1458 timeare
1117 1404 1262 1458 mihi.

44 1486 45 1491 ’
95 1474 305 1547 puppis
336 1475 768 1530 Achaemeniden
800 1474 1028 1530 Graium
1058 1475 1289 1528 Troiana
1319 1475 1531 1546 recepit,

28 1591 29 1599 ,
183 1545 383 1616 profuit
413 1555 466 1600 et
493 1545 656 1616 Myso
685 1546 863 1600 Pelias
895 1545 1046 1599 hasta
1075 1546 1214 1599 duci.

28 1611 55 1673 J
94 1615 353 1687 ‘confugit
381 1615 646 1671 interdum
675 1617 856 1688 templi
887 1617 1108 1670 violator
1138 1616 1206 1670 ad
1236 1636 1399 1680 aram,

27 1726 29 1742 ε
95 1731 97 1733 >
183 1705 281 1742 nec
309 1695 487 1758 petere
517 1686 706 1741 offensi
735 1687 965 1741 numinis
996 1687 1172 1742 horret
1203 1706 1374 1759 opem.

88 1757 304 1818 „dixerit
332 1757 434 1813 hoc
463 1757 652 1828 aliquis
684 1767 857 1811 tutum
886 1777 994 1812 non
1024 1778 1162 1813 esse:
1195 1759 1447 1822 fatemur-3

184 1828 279 1884 sed
306 1847 412 1883 non
442 1846 538 1900 per
566 1829 800 1901 placidas
830 1829 871 1883 it
900 1849 1021 1884 mea
1050 1830 1244 1901 puppis
1276 1848 1458 1899 aquas.

59 1960 62 1966 ¹
92 1907 227 1954 *tuta
254 1908 436 1971 petant
465 1899 578 1954 alii:
609 1900 822 1954 fortuna
851 1901 1145 1955 miserrima
1175 1911 1289 1954 tuta
1318 1911 1422 1955 est:

98 2007 100 2012 -
183 1989 308 2024 nam
336 1970 492 2025 timor
521 1980 742 2025 eventus
773 1971 1044 2026 deterioris
1076 1972 1242 2026 abest.

28 2069 29 2091 1
55 2064 57 2067 ·
110 2041 204 2112 qui
233 2041 434 2113 rapitur
467 2040 770 2114 [spumante
800 2043 934 2106 sa10,
966 2062 1062 2096 sua
1092 2042 1340 2096 bracchia
1370 2041 1533 2113 cauti]

28 2122 29 2126 ’
85 2139 91 2170 5
182 2113 405 2184 porrigit
433 2122 486 2168 et
514 2113 692 2184 spinas
723 2113 960 2183 duraque
991 2133 1119 2167 saxa
1151 2112 1318 2196 [capit
1330 2111 1371 2183 3]

26 2203 57 2224 τ
82 2183 524 2255 ,accipitremque
554 2184 742 2238 timens
773 2185 948 2255 pinnis
978 2185 1363 2255 trepidantibus
1395 2184 1504 2239 ales

55 2314 67 2323 Α
94 2252 98 2259 ’
184 2255 342 2310 audet
374 2255 442 2308 ad
471 2254 729 2309 humanos
760 2257 902 2309 fessa
931 2256 1110 2309 venire
1141 2256 1312 2318 sinus3

110 2343 211 2380 nec
240 2345 296 2380 se
326 2326 499 2380 vicino
529 2326 736 2379 dubitat
767 2327 1092 2381 committere
1123 2336 1279 2389 tecto,

50 2376 91 2491 a}
185 2414 321 2468 quae
352 2397 490 2468 fugit
519 2396 739 2451 infestos
770 2398 950 2452 territa
980 2417 1136 2452 cerva
1166 2417 1340 2451 canes,

26 2464 205 2531 kda,
233 2485 444 2539 precor,
475 2486 747 2523 accessum
777 2469 1029 2532 lacrimis,
1061 2469 1358 2531 mitissime,
1389 2470 1599 2534 nostrie,

27 2533 101 2603 's''
162 2557 281 2593 ⁴nec
311 2538 538 2611 rigidam
566 2540 764 2594 timidis
794 2540 1013 2593 vocibus
1044 2540 1182 2593 obde
1214 2540 1406 2593 forem:

28 2599 90 2675 ³3
115 2609 380 2680 verbaque
409 2620 589 2665 nostra
617 2611 803 2665 favens
834 2612 1076 2665 Romana
1106 2611 1174 2664 ad
1203 2611 1420 2664 numina
1452 2610 1629 2682 perfer

55 2699 61 2705 ·’
85 2719 93 2739 ,ι
183 2699 289 2739 non
318 2681 416 2734 tibi
444 2681 673 2752 Tarpeio
705 2684 846 2735 culta
875 2683 1116 2736 Tonante
1149 2683 1340 2744 minuS‚

28 2799 29 2807 ,
50 2728 453 2831 {mandat-ique
481 2753 586 2806 mei
614 2753 821 2823 legatus
853 2754 1061 2824 suscipe
1092 2772 1330 2806 causam:

58 2850 87 2868 w
184 2823 330 2876 nulla
358 2841 476 2877 meo
507 2824 747 2892 quamvis
777 2824 988 2876 nomine
1018 2842 1179 2876 causa
1209 2824 1349 2876 bona
1378 2834 1473 2876 est.

54 2886 88 2963 ’ξ
112 2892 218 2946 iam
248 2911 414 2964 prope
445 2893 739 2964 depositus,
771 2904 910 2948 certe
939 2895 1046 2947 iam
1076 2894 1301 2964 frigidus
1333 2913 1493 2964 aeger

71 2960 86 3020 ζ’
186 2974 422 3019 servatus
451 2983 547 3035 per
576 2973 652 3027 te,
684 2965 727 3018 si
756 2965 913 3018 modo
945 2983 1146 3026 servor,
1179 2984 1285 3018 ero.

113 3053 256 3089 nunc
285 3044 378 3089 tua
405 3053 502 3106 pro
531 3035 682 3089 lassis
712 3035 911 3088 nitatur
938 3036 1111 3106 gratia
1140 3036 1317 3098 rebuS‚

72 3108 74 3110 ’
186 3106 437 3189 principis
468 3107 667 3160 aeterni
697 3125 856 3176 quam
887 3107 983 3159 tibi
1013 3116 1242 3176 praestat
1275 3125 1440 3159 amor.

115 3195 257 3231 nunc
285 3177 383 3230 tib1
411 3186 464 3231 et
494 3178 686 3247 eloquii
715 3178 855 3231 nitor
883 3178 970 3231 ille
1001 3178 1318 3231 domesticus
1350 3177 1503 3240 adsit,

75 3247 82 3309 ᾗ
157 3308 162 3313 ,
189 3266 293 3332 quo
322 3257 532 3319 poteras
563 3249 779 3319 trepidis
809 3249 950 3302 utilis
981 3268 1095 3303 esse
1127 3249 1246 3302 reis.

29 3330 42 3336 ·
118 3317 248 3371 viv1t
276 3319 423 3372 enim‘
444 3320 499 3372 in
529 3320 679 3373 vobis
710 3320 925 3373 facundi
954 3321 1137 3391 lingua
1166 3320 1416 3391 parentiS‚

70 3387 86 3454 ’,ἶ
190 3398 242 3443 et
269 3409 353 3444 res
383 3389 634 3444 heredem
663 3392 895 3462 repperit
923 3392 1015 3444 illa
1045 3411 1219 3444 suum.

118 3457 256 3513 hanc
285 3478 410 3530 ego,
438 3478 547 3514 non
575 3471 634 3514 ut
663 3482 747 3516 me
779 3463 1061 3517 defendere
1091 3472 1335 3533 temptet,
1368 3463 1557 3516 adoro:

190 3549 296 3584 non
327 3541 407 3585 est
437 3532 663 3587 confessi
693 3552 853 3588 causa
882 3534 1079 3588 tuenda
1108 3534 1202 3588 rei.

48 2702 52 2707 .
75 2697 82 2706 υ

1724 370 1833 424 235

1862 1137 1918 1177 20

1858 1490 1913 1530 25

1859 1847 1915 1886 30

1856 2202 1912 2242 35

1855 2558 1913 2597 40

1856 2912 1913 2950 45

1863 3266 1919 3306 50
