2158 3906
341 264 411 316 48
897 271 952 313 Ρ.
986 267 1196 314 OVIDII
1224 266 1495 325 NASONIS

344 376 472 428 Una
502 383 627 427 nota
658 382 736 427 est
758 371 922 423 Marti
944 369 1128 429 NoniS‚
1161 376 1365 420 sacrata
1388 368 1532 436 quod
1554 368 1656 420 illis
1690 366 1731 409 7·
1759 365 2060 409 RNONF

232 467 316 505 430
418 446 613 514 templa
642 452 829 513 putant
859 443 1004 492 lucos
1035 438 1293 500 Vediovis⁴
1322 447 1443 491 ante
1474 439 1622 490 duos.

346 517 603 569 Romulus
634 523 694 565 ut
724 530 851 564 saxo
882 512 1062 562 lucum
1092 509 1436 562 circumdedit
1466 510 1587 570 alt0‚

418 586 664 654 ‘quilibet
692 582 817 634 huc’
853 581 984 633 dixit
1015 580 1293 649 ‘confuge3
1325 589 1469 632 tutus
1501 579 1634 632 eris?

347 676 377 709 o
410 675 568 724 quam
601 655 665 706 de
696 652 841 706 tenui
872 653 1143 704 Roma-nus
1174 651 1376 719 origine
1407 651 1592 704 crevit!

418 727 572 778 turba
603 734 754 777 vetus
785 741 947 790 quam
975 741 1081 774 non
1111 722 1370 774 invidiosa
1399 721 1522 774 fuit!

228 819 313 858 435
346 817 411 850 ne
442 807 618 848 tamen
648 795 833 863 ignaro
865 793 1070 845 novitas
1101 792 1197 844 tibi
1226 793 1452 844 nominis
1484 793 1672 856 obstet,

418 868 584 927 disce,
616 865 733 934 quis
764 865 861 916 iste
893 865 1048 926 deuS,
1079 881 1238 916 curve
1268 872 1485 916 vocetur
1514 863 1602 915 ita.

345 938 585 1007 Iuppiter
616 946 695 988 est
723 935 951 988 iuvenis:
982 934 1240 993 iuvenalis
1271 935 1447 1004 aspice
1476 934 1673 986 voltus:

417 1008 594 1077 aspice
625 1007 841 1068 deinde,
872 1025 1033 1058 manu
1063 1005 1286 1057 fulmina
1315 1005 1460 1057 nulla
1489 1014 1647 1056 tenet.

346 1080 568 1132 fulmina
598 1087 718 1148 post
749 1095 904 1129 ausos
936 1077 1141 1129 caelum
1172 1075 1438 1128 adfectare
1472 1074 1735 1144 Gigantes

230 1172 316 1211 440
420 1159 630 1219 sumpta
659 1149 799 1201 Iovi:
831 1149 1000 1217 primo
1032 1157 1268 1216 tempore
1298 1147 1510 1200 inermis
1543 1155 1670 1199 erat.

348 1221 562 1291 ignibus
595 1218 737 1272 Ossa
765 1219 916 1271 novis
949 1229 1000 1271 et
1029 1218 1219 1270 Pelion
1249 1218 1404 1270 altius
1436 1216 1579 1270 Ossa

421 1292 547 1343 arsit
577 1300 628 1344 et
656 1291 708 1342 in
742 1290 908 1343 solida
938 1290 1075 1342 fixus
1108 1287 1373 1358 Olympus
1405 1288 1582 1340 humo.

351 1372 453 1419 stat
483 1380 694 1430 quoque
726 1380 883 1430 capra
914 1361 1084 1413 simul.
1159 1359 1423 1429 nymphae
1454 1359 1662 1429 pavisse
1693 1357 1936 1411 feruntur

423 1431 663 1485 Cretides
674 1453 687 1495 3
719 1432 907 1483 infanti
936 1433 1018 1484 lac
1050 1431 1193 1483 dedit
1222 1431 1311 1482 illa
1340 1431 1472 1483 Iovi.

233 1524 318 1563 445
350 1523 490 1556 nunc
520 1522 679 1556 vocor
710 1503 778 1555 ad
807 1522 1016 1555 nomen.
1092 1502 1378 1571 vegrandia
1408 1501 1550 1554 farra
1581 1499 1769 1561 coloni,

422 1594 557 1643 quae
589 1574 724 1626 male
757 1583 1057 1635 creverunt,
1089 1591 1350 1640 vescaque
1380 1591 1544 1641 parva
1576 1580 1783 1623 vocant.

350 1645 432 1697 vis
463 1665 525 1698 ea
556 1646 599 1697 si
630 1645 778 1697 verbi
809 1654 911 1706 est,
945 1663 1038 1697 cur
1067 1662 1173 1695 non
1204 1661 1302 1712 ego
1334 1642 1588 1696 Vediovis
1621 1641 1805 1693 aedem

424 1717 609 1769 aedem
638 1734 746 1768 non
776 1715 955 1785 magni
987 1715 1221 1784 suspicer
1252 1732 1365 1766 esse
1397 1713 1572 1765 Iovis?

350 1788 586 1855 iamque,
618 1786 711 1838 ubi
743 1787 1043 1839 caeruleum
1074 1785 1351 1837 variabunt
1381 1785 1553 1836 sidera
1584 1783 1821 1852 caelum,

235 1877 321 1916 450
425 1859 653 1927 suspice:
689 1856 962 1926 Gorgonei
993 1857 1126 1909 colla
1156 1856 1359 1908 videbis
1391 1855 1528 1922 equi.

353 1929 583 1982 creditur
613 1928 698 1980 hic
730 1947 913 1980 caesae
943 1927 1164 1997 gravida
1195 1926 1396 1979 cervice
1428 1925 1689 1983 Medusae

424 1999 679 2068 sanguine
710 1998 961 2067 respersis
991 1998 1295 2068 prosiluisse
1325 1996 1479 2048 iubis.

351 2069 475 2122 huic
507 2076 666 2139 supra
695 2070 864 2122 nubes
896 2078 948 2122 et
978 2069 1158 2121 subter
1188 2068 1360 2121 sidera
1388 2068 1536 2137 lapso

277 2143 293 2153 ⁹
424 2142 629 2193 caelum
658 2158 752 2209 pro
784 2149 943 2202 terra,
974 2158 1069 2209 pro
1101 2140 1234 2209 pede
1265 2139 1426 2209 pinna
1457 2139 1573 2190 fuit.

239 2229 320 2268 455
352 2212 564 2279 iamque
594 2212 890 2282 indignanti
920 2229 1059 2263 nova
1089 2212 1237 2263 frena
1267 2218 1537 2279 receperat
1567 2215 1692 2272 ore‚'

424 2301 545 2334 cum
575 2283 715 2334 levis‘
736 2282 940 2334 Aonias
971 2283 1172 2351 ungula
1202 2281 1335 2332 fodit
1364 2298 1544 2348 aquas.

352 2372 494 2405 nunc
525 2353 716 2404 fruitur
747 2353 918 2414 caelo,
950 2353 1091 2419 quod
1121 2352 1293 2421 pinnis
1325 2360 1445 2403 ante
1476 2350 1706 2420 petebat,

426 2433 478 2476 et
508 2424 703 2491 nitidus
735 2423 896 2476 stellis
927 2423 1158 2491 quinque
1189 2423 1475 2491 decemque
1506 2421 1679 2473 micat.

352 2565 604 2618 Protinus
636 2565 855 2634 aspicies
888 2564 1118 2617 venienti
1147 2573 1301 2616 nocte
1335 2562 1603 2627 Coronam

239 2654 324 2692 460
427 2635 683 2688 Gnosida.
758 2635 966 2691 Theseo
998 2635 1212 2687 crimine
1243 2635 1385 2687 facta
1415 2635 1514 2686 dea
1545 2643 1639 2687 est.

352 2707 460 2758 iam
490 2707 624 2759 bene
655 2707 863 2775 periuro
893 2715 1123 2758 mutarat
1152 2706 1377 2774 coniuge
1408 2705 1698 2767 Bacchum,

426 2796 562 2845 quae
594 2777 738 2830 dedit
768 2777 974 2846 ingrato
1005 2778 1094 2828 fila
1123 2777 1349 2845 legenda
1380 2776 1508 2828 vir0.
1550 2827 1553 2830 ,

356 2859 492 2901 sorte
523 2848 623 2900 tori
653 2849 891 2918 gaudens
924 2849 1075 2915 ‘quid
1105 2848 1297 2900 flebam
1327 2847 1576 2900 rustica?'
1610 2845 1767 2898 dixit:

428 2919 646 2971 ‘utiliter
675 2919 825 2970 nobis
857 2919 1088 2988 perfidus
1118 2919 1205 2971 ille
1235 2918 1369 2971 fuit)

239 3006 322 3044 465
354 2990 554 3042 interea
584 2989 751 3042 Liber
782 2991 1012 3058 depexos
1045 2990 1275 3042 crinibus
1305 2989 1468 3042 Indos

426 3061 574 3122 vicit,
607 3070 657 3112 et
687 3059 803 3112 Eoo
835 3061 980 3113 dives
1012 3061 1079 3112 ab
1111 3061 1236 3113 orbe
1266 3060 1417 3113 redit.

355 3132 492 3184 inter
523 3131 759 3200 captivas
790 3132 924 3185 facie
956 3140 1255 3200 praestante
1285 3131 1487 3199 puellas

426 3210 576 3271 grata
606 3201 761 3253 nimis
792 3202 1005 3254 Baccho
1036 3202 1144 3258 filia
1172 3201 1311 3270 regis
1344 3210 1472 3253 erat.

355 3273 515 3326 flebat
546 3290 726 3323 amans
758 3273 986 3323 coniunx
1017 3271 1347 3340 spatiataque
1377 3271 1527 3324 litore
1555 3287 1722 3324 ‚curvo

243 3361 326 3399 470
428 3343 590 3395 edidit
619 3342 827 3394 incultis
859 3343 982 3394 talia
1013 3342 1174 3394 verba
1205 3342 1389 3394 comis:
1460 3401 1461 3404 Ἴ

357 3419 446 3468 ‘en
476 3415 687 3477 iterum,
720 3413 939 3484 fluctus,
967 3412 1147 3466 similis
1182 3412 1356 3465 audite
1388 3411 1655 3481 querelas!
