2158 3906
60 3595 74 3630 ἒ,

45 3692 49 3693 ⁷
64 3631 79 3696 ‘i

66 3699 82 3742 ἡ

498 381 589 427 Ex
615 381 833 429 PONTo
863 381 986 427 Lm.
1015 380 1081 427 11.
1111 381 1199 438 1x‚
1229 382 1405 440 33-x‚
1435 383 1506 428 38.
1753 372 1860 426 249

66 542 73 547 ‚,
149 483 401 556 quicquid
430 483 485 537 id
515 494 616 547 est,
646 483 834 537 habuit
863 484 1189 538 moderatam
1218 483 1442 538 vindicis
1472 484 1621 548 iram,

220 555 311 625 qui
339 555 442 609 nis'i
470 555 701 608 natalem
729 555 804 608 nil
833 554 963 608 mihi
993 555 1220 638 dempsit
1247 555 1484 609 humum.

72 635 73 639 ’
148 625 248 680 hac
278 625 528 695 quoniam
559 643 735 688 care0,
766 634 859 679 tua
887 645 1029 679 nunc
1059 626 1252 680 v1cinia
1280 635 1526 697 praestet,

218 696 274 750 in
303 696 446 750 iusso
475 696 676 766 possim
702 705 851 749 tutus
882 707 942 749 ut
973 715 1088 752 esse
1116 698 1250 751 loco.
1887 717 1945 757 80

961 807 1039 862 X.

34 932 38 941 ’
72 891 74 894 ¹
147 908 359 979 Ecquid
389 908 458 963 ab
488 909 774 980 impressae
806 909 1080 979 cognoscis
1110 909 1341 980 imagine
1371 928 1522 964 cerae
1710 910 1808 955 MA
1822 908 1971 955 CRO·

217 979 348 1034 haec
377 979 474 1033 tibi
503 980 773 1033 Nasonem
804 979 1031 1034 scribere
1063 980 1249 1043 verba,
1279 980 1499 1035 Macer?

148 1050 481 1120 auctorisque
512 1050 595 1105 sui
625 1051 667 1104 si
697 1069 804 1104 non
835 1060 914 1104 est
943 1051 1133 1104 anulus
1162 1051 1338 1115 index,

218 1139 279 1176 co
356 1121 497 1176 itane
527 1131 606 1177 est
634 1131 814 1175 nostra
842 1121 1016 1175 littera
1045 1122 1186 1175 facta
1213 1123 1408 1175 manu?

147 1211 215 1246 an
244 1192 284 1246 ti
323 1192 342 1245 i
370 1192 612 1246 notitiam
642 1211 790 1246 mora
820 1193 1070 1263 temporis
1101 1193 1235 1246 eruit
1263 1193 1469 1257 ho'rum,
1886 1213 1913 1251 5

215 1281 314 1318 nec
343 1273 587 1335 repetunt
616 1264 755 1318 oculi
786 1263 938 1334 signa
967 1272 1176 1317 vetusta
1206 1263 1315 1316 tui?

146 1334 216 1388 sis
245 1334 368 1388 licet
398 1335 591 1413 oblitus
621 1334 818 1406 pariter
846 1352 1195 1418 gemmaeque
1227 1353 1537 1404 manusque,

217 1405 469 1460 exciderit
497 1414 700 1459 tanturn
732 1424 799 1459 ne
830 1405 925 1458 t1bi
956 1423 1083 1458 cura
1111 1405 1231 1458 mei.

35 1493 38 1501 ’
71 1462 74 1486 ⁵
145 1493 306 1546 quam
336 1484 395 1530 tu
425 1477 509 1531 vel
538 1477 685 1547 longi
716 1476 877 1530 debes
908 1475 1233 1529 convictibus
1266 1476 1400 1538 aevi,

215 1547 301 1602 vel
330 1565 450 1602 mea
478 1547 622 1617 quod
651 1546 882 1601 coniunx
911 1564 1017 1599 non
1047 1546 1219 1600 aliena
1249 1546 1362 1607 tibi,
1890 1566 1946 1605 lo

135 1617 228 1673 'vel
258 1617 469 1682 studiis,
495 1616 692 1687 'quibus
724 1635 805 1680 es,
836 1634 996 1685 quam
1026 1634 1149 1680 nos,
1180 1617 1468 1687 sapientius
1499 1636 1644 1681 usus,

213 1697 378 1758 utque
409 1688 583 1751 decet,
612 1688 759 1742 nulla
787 1687 959 1741 factus
991 1706 1047 1742 es
1077 1688 1212 1742 Arte
1242 1706 1454 1742 nocens.

145 1768 202 1814 tu
232 1759 402 1823 canis,
433 1768 646 1815 aeterno
677 1758 931 1829 quicquid
960 1759 1195 1813 restabat
1224 1760 1478 1822 Homero,

214 1848 282 1884 ne
311 1840 525 1886 careant
554 1849 763 1884 summa
790 1830 985 1883 Troica
1014 1830 1154 1884 bella
1182 1849 1360 1884 manu.

67 1895 82 1902 ’
138 1901 288 1955 ‘Naso
317 1920 505 1984 parum
535 1901 793 1972 prudens,
823 1911 989 1955 artem
1020 1901 1145 1954 dum
1177 1901 1337 1954 tradit
1366 1901 1595 1966 amandi,
1889 1921 1943 1960 15

215 1973 483 2026 doctrinae
512 1972 741 2043 pretium
770 1971 918 2027 triste
947 1973 1199 2042 magister
1228 1972 1404 2026 habet.

78 2067 79 2070 ¹
145 2052 269 2097 sunt
297 2053 475 2098 tamen
503 2043 640 2097 inter
669 2061 726 2097 se
756 2043 1057 2097 communia
1087 2062 1236 2096 sacra
1266 2044 1452 2114 poetis,

216 2114 483 2168 diversum
513 2114 756 2183 quamvis
786 2115 1011 2183 quisque
1041 2132 1326 2183 sequamur
1354 2115 1468 2168 iter.

68 2183 70 2187 ’
145 2203 370 2255 quorum
401 2194 452 2239 te
483 2203 796 2249 memorem,
827 2202 1149 2254 quamquam
1180 2186 1364 2255 procul
1396 2185 1675 2251 absumus,
1706 2205 1821 2241 esse

216 2256 476 2327 suspicor,
508 2265 560 2311 et
590 2275 743 2310 casus
774 2257 909 2310 velle
938 2256 1115 2310 levare
1146 2274 1309 2311 meos
1885 2275 1942 2314 20

32 2355 62 2388 χ
145 2335 196 2381 te
227 2327 361 2381 duce
391 2326 701 2398 magnificas
731 2327 898 2381 Asiae
928 2327 1294 2397 perspeximus
1323 2328 1500 2391 urbes,

215 2397 482 2452 Trinacris
513 2409 592 2452 est
621 2398 786 2452 oculis
817 2409 869 2452 te
901 2397 1034 2451 duce
1065 2408 1192 2451 nota
1220 2398 1368 2460 meis,

66 2463 67 2466 ¹
144 2467 372 2523 vidimus
402 2470 646 2523 Aetnaea
676 2470 880 2523 caelum
912 2469 1278 2539 splendescere
1307 2470 1547 2533 flamma,

195 2539 518 2611 'suppositus
548 2540 715 2593 monti
745 2557 906 2609 quam
936 2541 1101 2592 vomit
1131 2558 1221 2594 ore
1254 2539 1479 2604 Gaurana,

142 2611 535 2681 Hennaeosque
563 2612 711 2665 lacus
741 2621 795 2665 et
823 2611 1010 2664 olentis
1042 2621 1231 2682 stagna
1259 2611 1341 2664 Pa
1363 2612 1448 2674 ici,
1883 2629 1939 2669 25

215 2699 426 2751 quaque
455 2682 562 2735 suis
594 2680 818 2752 Cyanen
845 2682 1031 2737 miscet
1059 2683 1186 2735 Ana
1224 2702 1288 2735 us
1318 2683 1487 2751 aquis.

32 2770 84 2838 ,,
143 2771 242 2806 nec
263 2753 449 2823 procul
470 2752 592 2806 hinc
613 2753 850 2823 nympha
867 2762 963 2816 est,
986 2770 1142 2822 quae,
1204 2772 1294 2806 um
1310 2753 1450 2824 fugit
1464 2753 1636 2807 Elidis
1653 2772 1879 2817 amnem,

215 2832 355 2877 tecta
384 2822 484 2876 sub
515 2840 776 2891 aequorea
804 2841 946 2877 nunc
975 2840 1188 2893 quoque
1218 2824 1380 2877 currit
1410 2842 1571 2893 aqua:

143 2892 229 2948 hic
258 2893 388 2947 mihi
416 2893 639 2947 labentis
669 2912 792 2964 pars
818 2894 944 2946 anni
973 2913 1171 2964 magna
1199 2904 1416 2964 peraeta
1444 2905 1539 2949 est,

215 2964 374 3027 eheu,
405 2982 567 3033 quam
597 2963 775 3034 dispar
804 2974 884 3018 est
911 2965 1059 3018 locus
1088 2965 1177 3018 ille
1209 2963 1386 3018 Getis!
1882 2983 1940 3023 30

55 3017 63 3089 s
145 3046 197 3090 et
226 3045 390 3104 quota
418 3054 540 3106 pars
569 3034 700 3089 haec
730 3044 854 3088 sunt
882 3053 1082 3096 rerum,
1111 3053 1245 3104 quas
1275 3035 1503 3090 vidimus
1533 3036 1709 3101 amb0,

215 3115 266 3160 te
296 3105 426 3159 mihi
454 3106 712 3160 iucundas
742 3105 1003 3160 efficiente
1032 3105 1168 3159 vias!

53 3187 68 3219 ἵ
146 3195 240 3231 seu
268 3186 381 3231 rate
412 3178 679 3231 caeruleas
709 3176 851 3247 picta
881 3177 1199 3230 sulcavimus
1229 3178 1416 3242 undam,

218 3248 408 3313 esseda,
429 3265 526 3301 nos
557 3248 684 3319 agili
713 3248 824 3302 sive
853 3249 1020 3301 tulere
1049 3258 1188 3301 rota:

147 3319 304 3388 saepe
332 3319 508 3374 brevis
537 3319 690 3372 nobis
719 3318 924 3373 vicibus
954 3319 1041 3372 via
1070 3319 1183 3372 visa
1210 3320 1485 3388 loquendi:
1882 3338 1936 3377 35

216 3389 497 3459 pluraque,
528 3390 573 3444 si
602 3409 845 3444 numeres
855 3430 870 3454 ,
901 3390 1064 3443 verba
1093 3390 1242 3444 fuere
1271 3391 1464 3461 gradu:

63 3499 75 3512 .
148 3477 304 3529 saepe
335 3459 447 3513 dies
478 3478 717 3515 sermone
747 3460 919 3514 minor
946 3461 1069 3524 fuit,
1100 3461 1261 3530 inque
1290 3462 1614 3531 loquendum

218 3529 369 3583 tarda
397 3548 491 3600 per
520 3531 746 3586 aestivos
776 3532 944 3587 defuit
973 3531 1103 3586 hora
1132 3532 1260 3587 dies-
