2158 3906
1731 330 1762 382 co

1767 327 1803 381 ει

514 343 863 391 FAsTonuM
891 312 1014 389 Lm.
1046 344 1108 388 11.
1139 342 1383 389 637-774,

93 449 313 522 quisque
344 466 495 501 suam
524 446 722 499 laudat.
798 446 982 499 studiis
1015 444 1302 500 certamina
1332 451 1590 506 crescunt,

164 530 215 574 et
243 518 410 572 fervet
440 518 608 570 multo
638 517 924 587 linguaque
957 535 1150 585 corque
1182 533 1342 569 mero.

95 590 283 662 surgit,
314 588 399 643 cui
429 588 645 641 dederat
676 589 876 640 clarum
909 586 1136 641 Collatia
1166 606 1381 640 nomen:

163 667 292 714 ‘non
323 678 456 730 opus
488 668 567 712 est
597 659 796 721 verbis,
829 659 1024 712 credite
1054 658 1260 711 rebusl'
1294 658 1382 711 ait.

94 738 224 786 ‘nox
253 739 514 802 superest:
546 730 791 782 tollamur
821 730 971 798 equis
1003 730 1293 798 urbemque
1325 726 1615 800 petamusl'
1832 742 1916 780 735

162 802 303 856 dicta
331 801 562 872 placent,
594 800 755 853 frenis
786 800 1146 870 impediuntur
1176 801 1314 869 equi.

91 873 413 946 pertulerant
444 871 698 924 dominos.
773 871 973 941 regalia
1002 871 1239 942 protinus
1270 871 1347 923 illi

162 953 300 998 tecta
327 952 536 1014 petunt:
569 953 745 995 custos
776 942 830 995 in
860 942 972 996 fore
1003 943 1179 995 nullus
1211 952 1344 995 erat.

92 1033 213 1071 ecce
242 1033 409 1067 nurus
464 1013 605 1083 regis
635 1013 767 1066 fusis
796 1032 892 1084 per
923 1014 1058 1066 colla
1088 1013 1292 1066 coronis

50 1146 62 1156 Δ
161 1085 438 1139 inveniunt
466 1084 638 1155 posito
668 1084 982 1154 pervigilare
1014 1102 1174 1138 mero,
1834 1097 1918 1136 740

54 1172 58 1185 ·
89 1156 212 1212 inde
244 1156 347 1209 cito
377 1174 538 1226 passu
569 1155 766 1225 petitur
795 1154 1063 1208 Lucretia.
1139 1155 1288 1208 cuius

59 1270 73 1277 ,
161 1236 282 1281 ante
313 1236 486 1280 torum
518 1224 709 1278 calathi
739 1226 965 1294 lanaque
995 1225 1166 1278 mollis
1198 1234 1326 1278 erat.

61 1298 267 1359 ,lumen
297 1297 366 1350 ad
396 1295 650 1366 exiguum
679 1295 910 1348 famulae
941 1296 1065 1348 data
1094 1314 1258 1365 pensa
1288 1294 1584 1358 trahebant,

160 1369 295 1422 inter
324 1386 456 1438 quas
486 1366 632 1420 tenui
662 1366 737 1420 sic
767 1366 840 1419 ait
868 1366 959 1419 illa
989 1384 1145 1419 sono:

92 1437 367 1493 ‘mittenda
389 1445 468 1492 est
494 1436 706 1490 domino
722 1456 967 1500 —nunc,
990 1455 1131 1490 nunc
1156 1446 1452 1507 properate,
1476 1434 1708 1507 puellae!
1730 1465 1801 1473 —
1835 1453 1917 1490 745

161 1509 549 1580 quamprimum
579 1516 757 1562 nost-ra
785 1507 928 1562 facta
956 1508 1167 1562 lacerna
1197 1527 1375 1560 manu.

10 1603 11 1607 ¹
91 1581 219 1653 quid
247 1591 423 1635 tamen
453 1578 678 1633 auditis?
707 1598 829 1632 nam
861 1580 1015 1650 plura
1045 1579 1225 1633 audire
1256 1578 1498 1649 potestis:

160 1660 414 1722 quantum
445 1649 681 1714 de'bello
712 1650 904 1704 dicitur
933 1669 1047 1704 esse
1078 1652 1270 1721 super?

90 1723 367 1796 postmodo
396 1720 537 1776 victa
567 1721 747 1775 cades:
779 1721 1109 1785 melioribus,
1141 1721 1351 1784 Ardea,
1382 1731 1565 1785 restae,

159 1794 421 1865 improba,
453 1811 588 1862 quae
617 1802 823 1846 nostros
855 1793 1000 1862 cogis
1033 1794 1218 1847 abesse
1247 1792 1411 1846 viros!
1835 1810 1918 1848 750

53 1882 56 1886 ·
89 1864 201 1920 sint
221 1875 425 1919 tantum
453 1863 697 1918 reduces!
730 1864 825 1918 sed
854 1864 994 1918 enim
1026 1864 1337 1918 temerarius
1368 1864 1455 1918 ille

161 1946 239 1990 est
267 1955 416 1990 meus
447 1944 500 1989 et
530 1934 710 1988 stricto
741 1935 976 2004 quolibet
1006 1955 1130 1989 ense
1161 1936 1282 1988 ruit.

87 2026 236 2062 mens
267 2006 404 2070 abit,
431 2014 484 2061 et
512 2006 730 2068 morior,
761 2006 1002 2076 quotiens
1032 2006 1320 2090 pugnantis
1352 2006 1532 2077 imago

94 2078 98 2081 ’
159 2097 245 2131 me
277 2077 442 2140 subit,
473 2085 526 2130 et
553 2076 787 2147 gelidum
817 2086 1034 2147 pectora
1063 2078 1233 2147 frigus
1263 2077 1457 2131 habet.'

90 2149 282 2203 desinit
310 2147 366 2201 in
394 2147 637 2201 lacrimas
666 2147 973 2217 intentaque
1003 2149 1093 2202 fila
1122 2148 1339 2211 remisit,
1835 2164 1917 2205 755

158 2220 212 2272 in
243 2219 445 2289 gremio
476 2219 677 2271 voltum
709 2218 1057 2288 deposuitque
1088 2238 1202 2272 suo·

13 2342 16 2360 ζ
87 2289 188 2344 hoc
216 2290 391 2360 ipsum
422 2288 622 2343 decuit:
653 2289 901 2343 lacrimae
932 2290 1156 2344 decuere
1186 2290 1454 2360 pudicam,

160 2373 211 2415 et
240 2360 402 2414 facies
433 2360 608 2414 animo
639 2360 906 2431 dignaque
937 2380 1138 2431 parque
1169 2361 1285 2414 fuit.

89 2436 248 2504 ‘pone
279 2440 503 2495 metum,
535 2430 703 2485 venil'
736 2431 965 2484 coniunx
995 2432 1084 2485 ait.
1158 2432 1249 2485 illa
1279 2430 1470 2486 revixit

160 2503 329 2572 deque
360 2502 458 2559 viri
489 2502 624 2556 collo
655 2502 809 2556 dulce
839 2503 1089 2573 pependit
1121 2522 1272 2556 onus.
1833 2520 1919 2559 760

89 2571 519 2628 intereaiuvenis
556 2573 773 2627 furiales
804 2575 982 2644 regius
1012 2574 1152 2644 ignis

160 2644 386 2715 concipit
415 2647 475 2699 et‘
496 2662 655 2699 caeco
683 2653 867 2715 raptus
899 2664 1077 2699 amore
1107 2645 1251 2699 furit.

89 2715 257 2770 forma
286 2717 459 2786 placet
486 2715 779 2784 niveusque
801 2716 952 2770 'color
980 2716 1210 2785 flavique
1241 2716 1433 2786 capilli,

159 2786 352 2860 quique
382 2786 566 2860 aderat
594 2787 739 2840 nulla
766 2786 939 2840 factus
971 2788 1040 2840 ab
1070 2798 1181 2841 arte
1212 2787 1394 2841 decor:

89 2858 249 2911 verba
277 2857 488 2928 placent
517 2865 571 2911 et
598 2875 728 2921 vox,
760 2865 812 2911 et
840 2857 985 2926 quod
1015 2876 1352 2928 corrumpere
1382 2876 1488 2910 non
1519 2867 1623 2911 est:
1831 2876 1916 2914 765

159 2946 369 2997 quoque
397 2927 571 2981 minor
599 2946 719 2998 spes
751 2937 854 2990 est,
884 2927 985 2981 hoc
1013 2929 1185 2998 magis
1214 2930 1302 2982 ille
1334 2929 1495 2999 cupit.

89 2996 192 3052 iam
222 2999 439 3053 dederat
468 3008 654 3052 cantus
683 2998 816 3052 lucis
846 2999 1191 3068 praenuntius
1221 3001 1348 3061 alce,

75 3117 79 3121 .
159 3087 279 3123 cum
308 3066 546 3124 referunt
573 3069 793 3123 iuvenes
822 3068 878 3122 in
910 3089 1006 3123 sua
1036 3080 1208 3123 castra
1236 3071 1448 3141 pedem.

91 3141 319 3210 carpitur
347 3140 595 3202 attonitos
626 3141 858 3194 absentis
887 3140 1120 3212 imagine
1151 3160 1337 3195 sensus

67 3220 71 3222 ’
159 3212 246 3266 ille
256 3233 270 3275 3
300 3211 597 3267 recordanti
627 3212 780 3283 plura
807 3213 1084 3283 magisque
1113 3213 1349 3283 placent:
1831 3232 1915 3272 770

87 3279 166 3336 sic
195 3283 353 3347 sedit,
381 3282 457 3338 sic
486 3284 628 3337 culta
656 3282 783 3347 fuit,
815 3282 891 3338 sic
921 3283 1148 3337 stamina
1175 3284 1337 3348 nevit,

160 3354 430 3424 neglectae
460 3355 593 3408 collo
623 3354 700 3408 sic
728 3353 939 3410 iacuere
967 3373 1168 3419 comae,

91 3419 188 3477 hos
214 3424 399 3479 habuit
427 3426 626 3489 voltus,
656 3424 788 3479 haec
815 3426 891 3479 illi
920 3427 1085 3481 verba
1113 3426 1345 3490 fuerunt,

161 3494 246 3548 hic
276 3496 441 3560 color,
471 3496 602 3550 haec
632 3495 795 3550 facies
804 3535 820 3561 ,
849 3497 936 3552 hic
966 3497 1124 3552 decor
1154 3498 1257 3551 oris
1287 3506 1415 3552 erat.

1459 3579 1516 3621 3·
