2158 3906
589 328 938 376 FASTORUM
968 328 1089 374 LIB.
1121 328 1159 374 Ι.
1193 327 1435 374 120—207.

200 430 520 506 principium
550 430 765 502 capiunt
793 431 1046 484 Phoebus
1078 439 1128 484 et
1160 449 1327 483 annus
1357 428 1530 483 idem?
1560 459 1633 468 —

130 515 249 578 post
279 523 341 558 ea
370 502 626 566 mirabar,
659 520 754 555 cur
781 520 889 555 non
920 502 1030 555 sine
1061 501 1240 554 litibus
1270 510 1406 554 esset

202 575 372 646 prima
402 573 532 627 dies.
608 579 847 625 ‘causam
878 571 1137 643 percipe?
1197 572 1360 624 Ianus
1391 571 1479 624 ait.

131 650 392 716 ‘tempora
423 643 660 698 commisi
690 643 960 697 nascentia
990 643 1149 696 rebus
1180 642 1418 713 agendis,

201 726 341 770 totus
371 715 439 769 ab
469 714 703 785 auspicio
733 733 799 767 ne
830 714 967 768 foret
998 733 1166 767 annus
1195 714 1351 766 iners.

130 787 354 858 quisque
386 805 508 839 suas
539 794 676 839 artes
707 785 776 837 ob
805 785 948 838 idem
979 785 1176 837 delibat
1206 785 1429 855 agend0‚

200 875 299 911 nec
328 858 447 928 plus
477 874 638 926 quam
669 856 878 909 solitum
909 855 1218 909 testificatur
1247 855 1412 927 opus.’
1443 885 1516 894 —

127 946 254 983 mox
277 946 385 999 ,ego
417 934 556 991 ‘cur,
590 927 832 996 quamvis
864 927 1083 979 aliorum
1114 926 1333 979 numina
1361 926 1584 996 placem,

202 999 355 1062 Iane,
389 998 485 1052 tibi
515 999 742 1068 primum
774 1006 893 1051 tura
921 1015 1231 1065 merumque
1261 997 1426 1050 fero?'

130 1074 216 1123 ‘ut
283 1069 413 1123 ossis
445 1069 643 1122 aditum
674 1087 770 1139 per
797 1087 907 1131 me,
940 1068 1030 1137 qui
1060 1068 1241 1120 limina
1272 1086 1440 1130 serVO,

128 1155 145 1161 ‘
203 1089 278 1193 ad)
302 1157 662 1210 quoscumque
694 1139 863 1192 voles’
894 1138 1064 1206 inquit
1093 1138 1313 1191 ‘habere
1344 1137 1504 1191 dece.’
1533 1166 1608 1176 —

130 1215 210 1264 ‘at
239 1229 333 1277 cur
361 1211 500 1263 laeta
530 1210 633 1263 tuis
665 1210 910 1262 dicuntur
938 1209 1101 1262 verba
1130 1209 1406 1269 KalendiS‚

203 1291 252 1334 et
284 1281 470 1333 damus
502 1281 728 1333 alternas
760 1279 1151 1349 accipimusque
1183 1278 1419 1349 preces?'

128 1359 241 1405 tum
273 1351 403 1403 deus
434 1350 744 1403 incumbens
777 1349 989 1409 bacuIO‚
1022 1367 1182 1417 quem
1214 1349 1398 1401 dextra
1427 1348 1664 1419 gerebat,

201 1421 401 1474 ‘omina
430 1420 722 1491 principiis'
751 1420 921 1487 inquit
953 1419 1147 1472 ‘inesse
1180 1419 1363 1471 solent.

129 1492 200 1548 ad
226 1491 449 1563 primam
479 1508 665 1544 vocem
695 1490 904 1543 timidas
936 1489 1205 1543 advertitis
1237 1509 1407 1552 auree,

200 1573 252 1616 et
284 1562 448 1615 visam
478 1562 707 1632 primum
740 1561 966 1614 consulit
996 1579 1169 1632 augur
1199 1580 1350 1614 avem
1355 1600 1555 1613 .....

128 1634 324 1704 templa
353 1640 534 1704 patent
564 1649 823 1700 auresque
855 1632 1039 1694 deum,
1070 1650 1169 1685 nec
1199 1632 1384 1702 lingua
1414 1631 1641 1685 caducas

199 1703 425 1775 concipit
452 1703 562 1757 ulla
590 1721 799 1775 preces,
831 1702 1075 1771 dictaque
1104 1703 1312 1786 pondus
1343 1702 1572 1756 habent.’
1603 1731 1677 1739 —

129 1774 354 1830 desierat
381 1774 562 1828 Ianus·
635 1792 733 1827 nec
763 1774 924 1844 longa
954 1774 1158 1827 silent1a
1189 1774 1307 1837 feci,

199 1845 293 1900 sed
322 1845 471 1916 tetigi
500 1844 675 1898 verbis
706 1845 892 1898 ultima
920 1845 1085 1898 verba
1115 1846 1268 1898 meis:

129 1917 282 1987 ‘quid
311 1917 419 1970 volt
448 1916 625 1987 palma
656 1915 756 1969 sibi
786 1934 1088 1986 rugosaque
1119 1916 1312 1969 carica'
1345 1915 1456 1968 dixi

199 1993 274 2042 ‘et
305 1987 429 2041 data
459 1986 559 2040 sub
589 1987 744 2040 niveo
775 1987 986 2040 condita
1015 1987 1173 2040 mella
1204 1987 1390 2040 cado?'

126 2058 330 2112 ‘omen’
363 2058 435 2111 ait
465 2064 650 2111 ‘causa
680 2066 781 2120 est,
812 2067 871 2110 ut
900 2077 984 2111 res
1015 2076 1170 2128 sapor
1198 2059 1284 2111 ille
1316 2068 1584 2126 sequatur,

199 2138 251 2182 et
279 2137 500 2212 peragat
530 2137 775 2199 coeptum
808 2129 974 2181 dulcis
1005 2139 1065 2180 ut
1095 2148 1264 2181 annus
1294 2128 1426 2181 iter-‚⁹

60 2203 64 2207 ”
128 2200 328 2253 ‘dulcla
358 2218 453 2253 cur
482 2199 693 2263 dentur,
723 2199 901 2253 video:
935 2199 1083 2269 stipis
1117 2200 1262 2253 adice
1295 2218 1527 2263 causam,

197 2289 320 2353 pars
350 2270 480 2323 mihi
511 2271 576 2324 dc
607 2271 743 2324 festo
773 2289 840 2324 ne
869 2270 1012 2323 labet
1042 2270 1149 2322 ulla
1180 2270 1304 2323 tu0.’

125 2341 239 2395 rislt
269 2350 322 2395 et
351 2346 407 2394 ‘o
445 2358 604 2410 quam
634 2350 686 2394 te
715 2341 904 2393 fallunt
936 2350 1027 2393 tua
1058 2341 1310 2403 saecula‚’
1342 2342 1476 2394 dixit

199 2411 313 2481 ‘qui
343 2411 478 2482 stipe
506 2412 611 2466 mel
641 2422 851 2482 sumpta
881 2412 1087 2464 dulcius
1120 2431 1234 2465 esse
1266 2412 1444 2481 putas!

62 2520 82 2528 -x
126 2483 216 2537 vix
246 2501 346 2554 ego
378 2481 608 2537 Saturno
638 2501 959 2552 quemquam
990 2493 1245 2553 regnante
1277 2484 1540 2545 videbam,

198 2554 347 2608 cuius
376 2572 483 2607 non
513 2554 688 2607 animo
720 2554 894 2607 dulcia
923 2555 1072 2607 lucra
1101 2554 1290 2607 forent.

126 2633 361 2708 tempore
391 2625 556 2678 crevit
584 2643 754 2687 amor,
786 2626 877 2693 qui
907 2644 1048 2678 nunc
1078 2636 1158 2678 est
1188 2645 1452 2688 summus,
1485 2624 1738 2678 habendi:

198 2714 288 2749 vix
317 2696 478 2758 ultra,
510 2713 615 2765 quo
645 2697 751 2748 iam
781 2696 1175 2766 progrediatur,
1206 2696 1382 2749 habet.

125 2766 290 2838 pluris
320 2784 447 2837 opes
475 2785 618 2819 nunc
648 2777 792 2828 sunt,
824 2785 982 2834 quam
1013 2767 1171 2837 prisci
1203 2768 1451 2837 temporis
1483 2767 1651 2829 anniS,

198 2837 326 2890 dum
354 2837 581 2907 populus
610 2856 837 2907 pauper,
869 2837 996 2889 dum
1026 2856 1165 2889 nova
1194 2838 1366 2890 Roma
1395 2838 1512 2899 fuit,

128 2907 254 2961 dum
285 2926 408 2960 casa
435 2907 791 2978 Martigenam
823 2908 1065 2977 capiebat
1094 2927 1258 2977 parva
1288 2907 1590 2974 Quirinum,

200 2988 252 3032 et
283 2979 442 3031 dabat
472 2978 724 3049 exiguum
755 2979 983 3030 fluminis
1014 2979 1139 3031 ulva
1169 2988 1359 3030 torum.

126 3048 367 3132 Iuppiter
395 3059 622 3120 angusta
650 3049 740 3101 vix
770 3058 910 3101 totus
942 3049 1115 3101 stabat
1143 3049 1198 3100 in
1229 3050 1376 3112 aede,

197 3138 359 3188 mque
388 3120 533 3172 Iovis
565 3120 749 3173 dextra
779 3120 935 3173 fictile
966 3120 1175 3172 fulmen·
1199 3130 1325 3173 erat.

127 3189 402 3244 frondibus
433 3192 690 3243 ornabant
720 3208 855 3258 quae
886 3209 1027 3243 nunc
1060 3189 1325 3260 Capitolia
1353 3192 1594 3262 gemmiS‚

197 3262 554 3332 pascebatque
586 3281 706 3314 suas
735 3262 849 3331 ipse
881 3272 1091 3314 senator
1120 3280 1262 3314 oveS.

129 3349 228 3386 nec
254 3332 448 3402 pudor,
478 3332 532 3384 in
564 3333 756 3402 stipula
786 3333 1044 3403 placidam
1077 3333 1278 3402 cepisse
1309 3333 1539 3402 quietem

201 3411 254 3455 et
281 3403 497 3458 faenum
527 3403 685 3473 capiti
717 3404 1077 3473 supposuisse,
1108 3404 1224 3455 fuit.

130 3469 247 3526 iura
275 3473 434 3528 dabat
462 3474 671 3544 populis
701 3474 870 3544 posito
901 3475 1057 3526 modo
1088 3485 1299 3544 praetor
1329 3484 1518 3538 aratrO,

1873 517 1951 555 165

1872 871 1954 908 170

1871 1225 1951 1263 175

1872 1579 1954 1618 180

1872 1933 1951 1972 185

1870 2285 1951 2324 190
2019 2325 2024 2330 ,

1869 2641 1949 2680 195

1865 2996 1949 3036 200

1865 3350 1946 3388 205
