2158 3906
139 337 143 341 .
521 318 870 366 FAs‘rORUM
900 321 1021 366 [ΑΒ.
1052 322 1138 366 111.
1173 322 1413 366 167—254.

52 414 94 490 ³}-
115 419 478 494 quaerendum
509 430 612 482 est,
644 421 835 476 viduae
866 423 979 476 fieri
1010 423 1202 476 malitis
1234 420 1300 476 an
1331 423 1509 477 orbae.

32 543 34 546 ,
59 499 80 563 ζ.
145 547 150 555 ,
191 490 465 547 consilium
495 491 644 544 vobis
675 492 810 546 forte
841 494 1093 563 piumque
1125 493 1315 547 dabo.''

63 580 77 604 *
116 562 395 623 consilium
424 560 656 615 dederat.
731 574 916 632 parent
947 565 1220 633 crinesque
1250 566 1523 619 resolvunt

43 629 70 699 J}
190 641 495 701 maestaque
525 632 746 686 funerea
777 652 997 704 corpora
1027 647 1171 688 veste
1203 646 1406 705 tegunt.

36 701 85 782 ,ἐν
118 704 226 759 iam
255 702 464 757 stabant
493 703 631 757 acies
661 703 800 757 ferro
830 706 1092 774 mortique
1123 717 1354 776 paratae,

36 775 48 842 ζ’
79 774 88 834 J
188 775 296 829 iam
323 773 485 828 lituus
515 793 727 844 pugnae
758 775 911 846 signa
941 777 1159 830 daturus
1190 787 1325 831 erat:

35 846 47 886 ῖ·’
83 865 89 907 3.
117 864 242 900 cum
269 854 451 916 raptae
481 845 700 899 veniunt
729 846 865 901 inter
894 858 1175 917 patresque
1207 848 1452 916 virosque

39 918 44 923 ’
187 916 348 986 inque
377 915 495 969 sinu
524 927 701 980 natos,
731 918 954 1000 pignora
984 937 1128 982 cara,
1161 928 1356 972 tenent.

87 995 179 1043 >ut
204 986 439 1041 medium
468 987 642 1070 campi
671 989 846 1042 sclssis
876 989 1095 1059 tetigere
1126 990 1346 1060 capillis,

188 1057 243 1111 in
273 1067 467 1112 terram
496 1068 667 1128 poslto
697 1060 1025 1129 procubuere
1055 1079 1222 1130 genu:

35 1147 49 1185 ’,
84 1126 172 1191 f’et
201 1128 353 1198 quasi
384 1129 658 1192 sentirent,
691 1130 885 1182 blando
917 1131 1143 1184 clamore
1174 1140 1391 1199 nepotes

36 1237 42 1265 3.
188 1199 475 1253 tendebant
505 1199 573 1253 ad
603 1200 1007 1270 avosbracchia
1036 1220 1200 1271 parva
1231 1220 1371 1253 suos.

88 1278 93 1294 '⁴
118 1268 238 1343 [qui
266 1278 495 1341 poterat,
528 1270 790 1323 clamabat
820 1290 1002 1334 avum,
1034 1283 1160 1324 tunc
1190 1271 1309 1324 deni
1351 1290 1418 1324 ue
1450 1272 1642 1335 visum,

13 1345 16 1403 Ξ
47 1382 89 1411 ..r
137 1360 141 1361 ⁷
189 1349 242 1395 et
271 1340 363 1424 qui
393 1340 480 1394 vix
510 1349 740 1411 poterat,
772 1359 927 1412 posse
957 1353 1171 1394 coactus
1203 1353 1314 1395 erat

14 1410 15 1415 ’
85 1430 88 1435 ·
116 1413 223 1467 tela
250 1411 374 1465 viris
404 1410 670 1480 animique
701 1412 921 1475 cadunt;
959 1412 1255 1482 gladiisque
1286 1413 1499 1466 remotis

14 1503 15 1551 3
58 1484 83 1549 ἒ
189 1483 315 1537 dant
343 1481 511 1537 soceri
540 1483 748 1553 generis
778 1483 1149 1554 accipiuntque
1180 1502 1386 1545 manuS‚

13 1585 16 1592 ·
62 1558 74 1614 ³2³
118 1554 461 1623 laudatasque
492 1562 669 1621 tenent
700 1564 874 1617 nataS‚
906 1564 1160 1623 scutoque
1192 1566 1438 1625 nepotem

65 1626 78 1640 ⁶
188 1625 290 1679 fert
319 1643 465 1678 avus.
539 1623 624 1684 hic
654 1625 790 1679 souti
820 1625 1023 1678 dulcior
1053 1645 1180 1679 usus
1211 1636 1339 1678 erat.

55 1713 62 1730 ³
116 1696 240 1750 inde
268 1695 372 1750 mei
402 1695 597 1767 primas
628 1696 822 1750 mensis
853 1697 1118 1751 celebrare
1149 1697 1425 1749 Kalendas

190 1765 446 1822 Oebaliae
475 1776 670 1821 matres
700 1786 805 1820 non
835 1768 951 1822 leve
982 1787 1174 1820 munus
1205 1767 1417 1821 habent.

58 1874 68 1879 —
115 1838 193 1892 sic
222 1837 348 1908 quia
377 1837 643 1891 commit-ti·
663 1838 853 1891 strictis
886 1839 1225 1892 mucronibus
1256 1857 1417 1892 ausae

51 1951 54 1955 .
188 1909 430 1963 finierant
458 1909 686 1963 lacrimis
716 1910 915 1963 Martia
946 1910 1084 1964 bella
1114 1910 1241 1972 suis,

57 2044 61 2045 ⁷
117 1981 203 2035 vel
232 1979 376 2049 quod
405 1988 518 2033 erat
547 1979 612 2033 de
642 1999 727 2034 me
757 1981 978 2034 feliciter
1008 1981 1107 2034 Ilia
1137 1994 1321 2043 mater,

187 2051 286 2104 rite
317 2051 495 2104 colunt
523 2061 716 2104 matres
748 2070 897 2104 sacra
927 2053 1173 2121 diemque
1205 2071 1398 2104 meum.

38 2130 42 2132 ’
115 2121 270 2192 quid,
301 2121 444 2190 quod
473 2120 639 2179 hiems
671 2122 923 2192 adoperta
952 2123 1076 2192 gelu
1106 2134 1232 2175 tunc
1263 2123 1489 2191 denique
1523 2122 1679 2185 cedit,

189 2202 243 2246 et
271 2201 493 2274 pereunt
521 2192 691 2246 victae
722 2195 829 2247 sole
860 2203 1069 2263 tepente
1099 2193 1265 2255 niveS‚

115 2263 393 2316 arbor1bus
424 2262 645 2317 redeunt
677 2264 926 2318 detonsae
957 2265 1153 2334 frigore
1184 2264 1415 2325 frondeS‚

187 2333 454 2403 uvidaque
484 2333 540 2386 in
570 2343 750 2388 tenero
780 2336 995 2405 palmite
1025 2355 1238 2405 gemma
1268 2346 1457 2396 tumet;

113 2423 359 2475 quaeque
387 2404 481 2466 diu
510 2405 685 2468 latuit,
717 2425 858 2458 nunc
889 2426 944 2460 se
974 2425 1080 2474 qua
1109 2406 1258 2458 tollat
1284 2406 1339 2458 in
1370 2425 1543 2468 auras,

42 2488 97 2526 <x-
187 2476 371 2530 fertilis
401 2476 633 2529 occultas
662 2476 864 2530 invenit
893 2477 1058 2530 herba
1087 2478 1232 2529 vias?

115 2565 257 2601 nune
285 2547 545 2601 fecundus
575 2566 724 2618 ager,
756 2549 960 2618 pecoris
992 2567 1132 2601 nunc
1163 2548 1293 2600 hora
1322 2548 1553 2611 creandi,

187 2636 328 2672 nunc
358 2618 470 2671 avis
496 2617 555 2675 ,in
584 2637 731 2671 ramo
761 2630 898 2673 tecta
929 2620 1231 2687 Laremque
1263 2633 1429 2688 parat.
1496 2683 1502 2686 ,

68 2725 74 2737 .
115 2698 354 2760 tempora
381 2689 494 2743 iure
525 2689 704 2742 colunt
733 2690 921 2744 Latiae
953 2691 1181 2743 fecunda
1211 2702 1473 2760 parentes,

38 2818 59 2828 ,ἱ
188 2778 411 2829 quarum
442 2759 683 2812 militiam
713 2771 941 2829 votaque
972 2772 1153 2831 partus
1185 2761 1360 2813 habet.

25 2827 81 2906 ,s
114 2831 253 2885 adde
282 2831 450 2900 quod,
482 2831 731 2884 excubias
761 2832 852 2884 ubi
883 2851 976 2885 rex
1006 2833 1278 2885 Romanus
1311 2831 1522 2900 agebat,

48 2907 71 2971 ᾖ
188 2902 280 2971 qui
307 2920 449 2954 nunc
478 2901 743 2969 Esquilias
774 2903 988 2954 nomina
1019 2903 1161 2954 collis
1194 2901 1369 2963 habet,

38 2998 51 3058 ζ
116 2973 223 3027 illic
252 2992 285 3026 a
312 2972 533 3026 nuribus
564 2973 755 3025 Iunoni
785 2974 981 3043 templa
1011 2973 1217 3025 Latinis

44 3079 45 3082 =
75 3090 77 3093 .
187 3043 288 3097 hac
318 3054 464 3106 sunt,
496 3043 540 3096 si
569 3044 807 3105 memini,
838 3044 1049 3114 publica
1079 3044 1220 3096 facta
1250 3044 1350 3096 die.

37 3104 48 3154 2’
116 3115 246 3184 quid
275 3133 451 3167 moror
480 3124 533 3170 et
561 3115 718 3167 variis
749 3133 908 3168 onero
939 3126 1030 3167 tua
1060 3125 1274 3184 pectora
1303 3115 1512 3167 causis?

44 3242 48 3247 ,
190 3185 385 3239 eminet
414 3195 535 3239 ante
566 3187 768 3249 ocuIOS‚
800 3187 942 3255 quod
972 3186 1129 3256 petiS,
1161 3205 1283 3239 ecce
1314 3196 1448 3238 tuos,

86 3292 89 3293 ν
117 3265 286 3310 mater
315 3266 458 3310 amat
486 3267 701 3327 nuptas:
740 3270 967 3311 matrum
999 3276 1082 3310 me
1114 3257 1269 3310 turba
1298 3257 1615 3325 frequentat,

36 3371 48 3382 ,.
90 3343 93 3347 ’
190 3326 321 3381 haec
349 3346 444 3381 nos
474 3329 756 3398 praecipue
787 3339 894 3381 tam
926 3329 1013 3398 pia
1044 3348 1204 3380 causa
1235 3329 1418 3381 decet.’

36 3423 40 3434 =
108 3395 254 3452 ‘ferte
283 3398 414 3452 deae
443 3399 622 3455 flores!
653 3400 848 3469 gaudet
880 3399 1185 3453 florentibus
1216 3399 1392 3452 herbis

191 3468 322 3523 haec
352 3469 474 3523 dea:
507 3469 572 3522 de
602 3481 780 3525 tenero
813 3471 1163 3540 cingitecflore
1195 3470 1376 3540 caput!

1760 310 1833 362 43

1862 721 1948 761 215

1862 1076 1950 1116 220

1863 1430 1948 1469 225

1861 1783 1948 1823 230

1855 2138 1942 2178 235

1860 2495 1946 2533 240

1859 2848 1945 2887 245

1797 3224 1814 3236 ο
1857 3204 1945 3243 250
