2158 3906
425 257 494 323 12
862 268 871 273 ’
980 279 1019 321 P
1069 277 1275 322 ov1D11
1304 274 1576 323 NASONIS

496 382 872 464 propositoque
904 379 1049 440 fave,
1081 398 1147 431 ne
1179 388 1299 430 tuus
1332 387 1468 431 erret
1497 378 1685 431 honor.

427 465 542 506 orta
571 453 714 523 prior
742 453 868 503 luna
896 480 969 486 —
999 450 1064 501 de
1096 468 1151 501 se
1183 450 1227 501 si
1257 449 1529 502 creditur
1514 450 1617 519 lpsi
1642 479 1716 487 --

311 543 398 582 470
499 544 531 576 a
560 540 754 592 magno
786 521 942 572 tellus
973 520 1186 572 Arcade
1215 538 1408 572 nomen
1437 520 1614 572 habet.

428 595 513 647 hic
543 593 644 645 fuit
673 591 950 653 Euander,
982 591 1098 658 qui,
1128 608 1451 658 quamquam
1478 591 1654 644 clarus
1685 600 1930 661 utroque,

497 664 723 716 nobilior
754 680 931 714 sacrae
964 662 1220 731 sanguine
1251 662 1432 714 matris
1465 671 1590 715 erat.

427 754 562 804 quae
594 733 749 785 simul
780 732 1039 785 aetherios
1069 732 1245 784 animo
1276 741 1589 802 conceperat
1617 733 1785 803 igneS,

499 824 586 857 ore
618 804 779 856 dabat
807 804 965 873 pleno
997 803 1229 855 carmina
1257 822 1384 856 vera
1414 803 1514 856 dei.

311 895 395 933 475
429 877 632 929 dixerat
662 874 793 927 haec
822 883 946 926 nato
975 884 1151 926 motus
1181 874 1376 926 instare
1406 874 1628 942 sibique.

500 946 721 997 multam
752 954 831 998 est
861 945 1141 1014 praeterito
1171 954 1409 1014 tempore
1438 954 1595 997 nacta
1624 946 1800 998 fidem.

356 1018 371 1038 ¹
428 1037 553 1069 nam
583 1017 789 1069 iuvenis
819 1016 1040 1067 nimium
1071 1035 1197 1068 vera
1228 1034 1349 1068 cum
1379 1024 1546 1068 matre
1576 1016 1792 1085 fugatus

502 1088 694 1140 deserit
723 1087 1014 1139 Arcadiam
1043 1086 1492 1154 Parrhasiumque
1522 1087 1737 1139 Larem.

428 1160 513 1211 cui
545 1159 786 1241 genetrix
816 1159 962 1210 flenti
994 1158 1231 1210 ‘fortuna
1260 1157 1500 1210 viriliter'
1532 1157 1718 1226 inquit,
1748 1188 1821 1195 —

314 1248 399 1287 480
505 1231 679 1290 ‘siste,
710 1248 920 1298 precor,
950 1228 1216 1281 lacrimas!
1248 1259 1319 1266 ——
1346 1229 1448 1280 ista
1476 1228 1695 1281 ferenda
1724 1228 1819 1280 tibi
1849 1236 1948 1282 est.

429 1302 503 1353 sic
536 1320 591 1352 e1
594 1311 647 1352 at
676 1300 730 1351 in
761 1300 899 1351 fatis.
975 1318 1073 1352 nec
1103 1309 1155 1352 te
1186 1309 1277 1351 tua
1307 1300 1462 1369 culpa
1491 1299 1716 1369 fugavit,

501 1372 591 1424 sed
625 1372 753 1423 deus
765 1391 779 1433 3
812 1371 1014 1423 offenso
1044 1371 1229 1439 pulsus
1260 1390 1316 1423 es
1346 1370 1478 1423 urbe
1510 1371 1625 1453 deo·

362 1437 371 1443 ⁸
427 1461 534 1495 non
565 1442 738 1494 meriti
767 1460 991 1511 poenam
1023 1442 1242 1511 pateris,
1275 1441 1368 1494 sed
1397 1441 1627 1493 numinis
1657 1441 1808 1494 iram.

499 1523 578 1566 est
609 1513 832 1581 aliquid,
864 1513 1070 1582 magnis
1102 1513 1298 1566 crimen
1330 1512 1516 1565 abesse
1546 1513 1716 1564 malis·

313 1602 396 1641 485
429 1584 637 1637 conscia
667 1603 815 1636 mens
848 1593 906 1635 ut
938 1583 1127 1651 cuique
1160 1603 1255 1636 sua
1286 1592 1388 1645 est,
1419 1583 1493 1635 ita
1523 1583 1751 1652 concipit
1779 1583 1920 1635 intra
1984 1621 1989 1626 .

500 1664 713 1724 pectora
742 1673 837 1724 pro
868 1655 1010 1706 facto
1042 1673 1293 1723 spemque
1324 1663 1630 1721 metumque
1663 1671 1776 1705 suc.

368 1747 372 1751 ·
427 1745 526 1779 nec
556 1736 733 1778 tamen
762 1735 822 1777 ut
852 1726 1053 1795 primus
1085 1745 1259 1777 maere
1291 1726 1431 1776 mala
1460 1725 1586 1776 talia
1615 1743 1830 1794 passus:

501 1797 676 1849 obruit
704 1797 945 1866 ingentes
975 1797 1074 1848 ista
1104 1797 1333 1865 procella
1361 1796 1519 1847 viros.

427 1887 615 1937 passus
646 1867 787 1920 idem
819 1877 922 1929 est,
953 1867 1130 1936 Tyriis
1163 1867 1254 1934 qui
1285 1867 1554 1934 quondam
1583 1866 1768 1936 pulsus
1798 1866 1866 1918 ab
1897 1866 2006 1919 oris

313 1956 398 1995 490
503 1937 740 1990 Cadmus
770 1939 824 1990 in
855 1938 1034 1990 Aonia
1064 1938 1296 1990 constitit
1327 1938 1450 1990 exul
1479 1937 1641 1989 humo
1652 1958 1666 2000 3

429 2028 616 2079 passus
647 2009 788 2061 idem
819 2009 1036 2078 Tydeus
1069 2019 1120 2061 et
1149 2009 1290 2061 idem
1319 2008 1630 2078 Pagasaeus
1660 2008 1837 2073 Iason,

502 2088 553 2132 et
584 2098 716 2148 quos
747 2087 1020 2149 praeterea
1049 2080 1209 2149 longa
1239 2079 1436 2132 referre
1466 2098 1614 2131 mora
1643 2088 1739 2132 est.

429 2169 585 2203 omne
617 2151 788 2202 solum
819 2150 943 2202 forti
972 2151 1142 2220 patria
1173 2160 1275 2211 est,
1306 2159 1365 2202 ut
1393 2151 1628 2220 piscibus
1658 2167 1872 2218 aequor,

499 2231 559 2274 ut
589 2221 813 2283 volucri,
845 2239 1012 2274 vacuo
1043 2221 1298 2289 quicquid
1326 2221 1380 2272 in
1413 2221 1539 2273 orbe
1557 2224 1729 2290 'patet

313 2310 396 2348 495
428 2311 527 2344 nec
557 2292 670 2344 fera
702 2301 985 2361 tempestas
1016 2301 1124 2344 toto
1156 2301 1332 2344 tamen
1362 2292 1540 2344 horret
1568 2292 1622 2343 in
1653 2308 1816 2343 anno:

501 2372 552 2415 et
581 2363 676 2414 tibi
707 2363 885 2427 (crede
917 2362 1095 2431 mihil)
1126 2371 1364 2432 tempora
1392 2363 1530 2415 veris
1561 2362 1746 2414 erunt.’

353 2435 357 2439 ’
429 2433 648 2485 vocibus
684 2433 938 2486 Euander
967 2434 1172 2485 firmata
1201 2443 1376 2485 mente
1406 2433 1638 2502 parentis

500 2523 636 2556 nave
668 2514 810 2556 secat
839 2505 1029 2555 fluctus
1060 2505 1484 2574 Hesperiamque
1514 2513 1673 2556 tenet.

427 2576 640 2642 iamque
671 2585 836 2627 ratem
869 2576 1054 2627 doctae
1085 2575 1288 2627 monitu
1321 2573 1664 2628 Carmentis
1650 2594 1705 2626 1n
1736 2595 1944 2629 amnem

315 2663 399 2701 500
501 2654 681 2714 egerat
712 2655 762 2698 et
793 2646 982 2698 Tuscis
1013 2646 1199 2697 obvius
1230 2645 1340 2697 ibat
1370 2646 1544 2714 aquis.

427 2717 658 2768 fluminis
689 2717 779 2768 illa
808 2718 970 2779 latus,
1003 2717 1089 2769 cui
1122 2726 1243 2768 sunt
1274 2717 1411 2769 vada
1439 2717 1619 2769 iuncta
1650 2716 1886 2780 Tarenti,

500 2787 686 2856 aspicit
717 2797 768 2840 et
799 2807 1006 2857 sparsas
1036 2806 1131 2857 per
1159 2788 1276 2840 loca
1296 2789 1418 2855 ¹sola
1448 2806 1610 2840 casas.

363 2876 368 2881 ”
428 2868 592 2925 utque
624 2867 759 2921 erat,
790 2858 1037 2911 immissis
1068 2877 1302 2928 puppem
1333 2859 1474 2913 stetit
1506 2867 1626 2911 ante
1658 2858 1860 2928 capillis

500 2929 860 2998 continuitque
890 2948 1106 2982 manum
1135 2939 1286 2982 torva
1315 2930 1547 3000 regentis
1577 2929 1694 2992 iter,

313 3016 395 3055 505
430 3008 481 3052 et
510 3001 693 3069 procul
723 3001 778 3052 in
812 3001 1051 3053 dextram
1081 3001 1302 3053 tendens
1334 3020 1430 3054 sua
1460 3000 1708 3053 bracchia
1736 3000 1906 3068 ripam

499 3070 655 3140 pinea
684 3089 791 3124 non
822 3089 949 3123 sano
980 3080 1061 3124 ter
1088 3071 1224 3140 pede
1253 3081 1399 3124 texta
1428 3071 1573 3133 ferit3

427 3160 561 3193 neve
593 3142 740 3194 daret
770 3143 961 3194 saltum
991 3160 1278 3211 properans
1308 3142 1546 3194 insistere
1576 3150 1764 3204 terrae,

499 3211 588 3262 vix
620 3220 699 3264 est
727 3211 968 3264 Euandri
998 3212 1193 3278 vixque
1223 3222 1427 3265 retenta
1456 3230 1634 3263 manu.

363 3303 366 3305 ·
429 3282 636 3349 ‘di'que
670 3282 1002 3351 ‘petitorum’
1036 3282 1189 3343 dixit,
1223 3283 1470 3344 ‘salvete‚
1501 3282 1754 3344 locorum,

315 3370 398 3410 510
500 3361 664 3420 tuque
695 3370 860 3405 novos
892 3353 1037 3406 caelo
1066 3361 1205 3405 terra
1236 3353 1423 3406 datura
1453 3352 1579 3405 deos

428 3423 751 3493 fluminaque
783 3433 834 3478 et
864 3423 1035 3477 fontes
1044 3463 1059 3487 ,
1091 3423 1282 3492 quibus
1313 3425 1478 3477 utitur
1507 3423 1717 3493 hospita
1744 3423 1920 3487 telluS,

2097 2575 2107 2597 ι’
2102 2451 2108 2457 .
2103 637 2106 639 ⁴

2112 2874 2135 2950 icum<
2099 2586 2143 2858 'Qamquszffl
2111 2551 2131 2586 :a
2119 2494 2133 2531 ..·
2118 2364 2131 2396 -„:.
2101 2301 2121 2330 „t
2114 2184 2117 2186 ¹
2104 2028 2111 2032 ’
2123 1946 2136 2003 „A
2105 1749 2135 1764 ‘J
2123 1691 2131 1718 ,Α
2126 1645 2135 1668 ,,,
2106 1587 2134 1622 “-
2124 1559 2126 1561 .
2127 1519 2131 1529 ,
2130 1487 2134 1495 ἡ
2107 1342 2114 1347 ·
2108 1312 2133 1321 '.
2107 1175 2134 1206 „-
2132 1102 2135 1121 w
2128 1065 2134 1070 ι
2110 1033 2115 1038 -
2109 902 2116 911 ·
2111 787 2118 795 .
2106 611 2116 632 -·
2109 467 2120 473 .

2123 2819 2158 2916 ‚ista-
2142 2703 2143 2706 „
2135 2676 2138 2677 ,
2136 2639 2148 2650 ‚2
2126 2551 2148 2610 ᾗ...
2134 2472 2149 2519 f!
2136 2429 2139 2438 -
2136 2292 2147 2331 ῃ,
2136 2223 2150 2247 ᾖ
2144 2131 2151 2175 ¹„
2154 1987 2155 1990 „
2136 1928 2141 1954 ,«
2144 1880 2146 1885 ἤ
2135 1755 2154 1813 ³2¹1·
2153 1713 2158 1720 .
2135 1616 2158 1673 '⁹1
2139 1550 2158 1595 N„
2136 1479 2158 1528 ,rst-
2139 1411 2150 1442 ἦ,
2132 1343 2146 1371 ,3
2143 1250 2158 1268 k,
2152 1140 2158 1149 d
2136 1099 2154 1115 ff
2132 1037 2155 1083 ‘‚[.
2144 975 2146 978 v
2134 907 2153 944 :f-
2136 817 2158 886 ,asts
2136 627 2155 665 „1'
2140 586 2154 604 ε
2135 492 2142 502 Γ
