2158 3906
577 358 891 406 TRISTIUM
918 358 1040 403 LIB.
1071 359 1135 404 11.
1166 359 1407 404 239-326.

141 462 352 519 tollatur
382 458 595 515 Circus!
627 477 733 512 non
764 468 878 514 tuta
907 460 1116 514 licentia
1147 459 1291 514 Circi
1320 470 1422 513 est:

210 532 296 586 hic
326 531 474 585 sedet
502 531 683 600 ignoto
714 530 893 584 iuncta
921 532 1099 602 puella
1127 531 1256 584 viro.

139 621 259 658 cum
290 602 548 672 quaedam
581 601 875 671 spatientur
904 602 959 654 in
989 601 1112 664 hac,
1142 611 1202 655 ut
1231 610 1433 654 amator
1462 601 1648 655 eodem

211 671 510 735 conveniat,
541 689 704 740 quare
735 673 966 742 porticus
998 673 1105 725 ulla
1134 673 1310 743 patet?

77 768 80 772 ·
138 744 257 815 quis
285 743 432 797 locus
463 751 543 797 est
572 743 780 812 templis
812 744 1116 826 augustior?
1152 744 1283 797 haec
1314 760 1524 812 quoque
1555 743 1700 805 vitet,

208 815 264 868 in
293 814 504 885 culpam
534 813 579 866 si
608 831 715 882 qua
744 823 823 866 est
851 814 1124 884 mgeniosa
1154 833 1322 867 suam.

82 875 101 892 ⁸
137 904 260 939 cum
290 883 489 939 steterit
520 882 664 937 Iovis
695 885 852 947 aede,
884 885 1026 938 Iovis
1059 895 1326 938 succurret
1355 884 1411 937 in
1440 884 1588 947 aede,

208 975 368 1025 quam
397 956 589 1008 multas
621 964 812 1008 matres
843 955 1026 1009 fecerit
1055 956 1142 1009 ille
1174 956 1320 1009 deus.

136 1026 378 1099 proxima
407 1026 647 1079 adoranti
676 1026 894 1079 Iunonis
925 1027 1121 1097 templa
1150 1027 1363 1090 subibit,

206 1096 496 1168 paelicibus
527 1097 704 1150 multis
734 1097 871 1151 hanc
902 1098 1130 1151 doluisse
1161 1097 1331 1150 deam.

134 1166 356 1222 Pallade
387 1176 691 1238 conspecta,
721 1178 905 1221 natum
935 1168 1000 1221 de
1031 1167 1246 1221 crimine
1277 1168 1427 1237 virgo

208 1239 476 1293 sustulerit
505 1255 691 1307 quare,
723 1247 963 1307 quaeret,
994 1238 1416 1291 Erichthonium.

135 1309 338 1364 venerit
365 1310 422 1362 in
449 1328 536 1363 ma
613 1309 630 1360 i
660 1310 940 1379 templum,
972 1318 1065 1361 tua
1093 1327 1336 1371 munera,
1367 1308 1582 1362 Martis:

207 1389 311 1434 stat
338 1381 522 1435 Venus
630 1379 727 1432 tori
756 1380 958 1442 iuncta,
988 1379 1069 1431 vir
1097 1388 1219 1432 ante
1250 1379 1404 1432 sores.

133 1450 291 1505 Isidis
322 1451 453 1507 aede
483 1450 695 1513 sedens,
726 1468 820 1503 cur
847 1449 983 1503 hanc
1015 1448 1289 1511 Saturnia,
1321 1458 1554 1518 quaeret,

35 1510 51 1527 ⁶
133 1592 150 1606 ο
206 1521 372 1648 θὸθτὶῐ
401 1521 552 1574 Ionio
583 1520 984 1591 Bosphorioque
1015 1520 1181 1573 mari?

134 1612 189 1646 1n

273 1610 428 1646 enere
457 1590 745 1655 Anchises,
776 1591 831 1644 in
861 1591 1020 1643 Luna
1049 1590 1294 1644 Latmius
1325 1590 1497 1655 heros,

203 1663 259 1716 in
289 1661 483 1717 Cerere
513 1661 708 1726 Iasius,
739 1661 830 1731 qui
861 1662 1141 1725 referatur,
1173 1662 1285 1715 erit.

132 1734 310 1788 omnia
339 1752 612 1805 perversas
642 1742 864 1804 possunt
893 1751 1229 1803 corrumpere
1259 1743 1485 1787 mentes:

204 1813 343 1859 stant
371 1813 546 1858 tamen
575 1804 666 1857 illa
695 1804 804 1857 suis
839 1804 1015 1857 omnia
1045 1813 1159 1857 tuta
1186 1803 1330 1857 locis.
1361 1834 1434 1843 —

132 1884 187 1930 et
214 1875 409 1948 procul.
427 1895 459 1929 a
488 1875 682 1946 scripta
711 1875 835 1929 solis
865 1875 1228 1929 meretricibus
1259 1875 1394 1928 Arte

150 1970 155 1977 ·
203 1955 500 2001 summovet
528 1946 786 2017 ingenuas
816 1947 1012 2017 pagina
1041 1946 1212 2016 prima
1242 1965 1423 1999 nurus·

131 2035 500 2088 quaecumque
529 2016 635 2070 irru
677 2017 740 2081 it,
772 2035 877 2086 quo
907 2036 1015 2070 non
1044 2017 1168 2070 sinit
1196 2017 1272 2070 ire
1303 2016 1567 2083 sacerdos,

203 2089 440 2160 protinus
469 2088 594 2141 huic
661 2089 821 2158 empti
851 2088 1081 2141 criminis
1111 2088 1229 2158 ipsa
1256 2107 1348 2141 rea
1378 2098 1474 2141 est.

131 2178 231 2213 nec
260 2168 437 2213 tamen
467 2167 545 2212 est
575 2158 780 2212 facinus
811 2178 993 2212 versus
1024 2160 1267 2212 evolvere
1299 2158 1493 2212 mollis:

202 2231 369 2284 multa
397 2230 519 2283 licet
548 2239 723 2283 castae
752 2247 859 2283 non
888 2229 1132 2283 facienda
1160 2230 1357 2299 legant.

130 2320 289 2372 saepe
319 2300 583 2372 supercilii
612 2301 782 2354 nudas
812 2310 1052 2354 matrona
1082 2301 1251 2354 severi

203 2381 255 2426 et
283 2372 507 2427 Veneris
537 2380 734 2425 stantes
765 2372 834 2424 ad
862 2391 1032 2442 genus
1063 2390 1218 2426 omne
1248 2371 1408 2425 videt.

68 2516 72 2517 ⁷
129 2460 351 2514 corpora
378 2442 623 2498 Vestales
655 2442 793 2495 oculi
823 2442 1117 2497 meretricia
1147 2452 1386 2505 cernunt,

201 2532 299 2570 nec
329 2513 540 2567 domino
570 2532 773 2584 poenae
804 2533 887 2567 res
918 2533 981 2567 ea
1011 2532 1172 2567 causa
1200 2513 1318 2566 fuit.

107 2593 187 2638 -at
214 2585 391 2645 curin
418 2593 599 2638 nostra
626 2585 789 2638 nimia
818 2594 898 2638 est
925 2585 1142 2638 lascivia
1171 2585 1350 2647 Musa,

201 2673 360 2710 curve
389 2674 540 2709 meus
570 2656 819 2725 cuiquam
848 2657 1036 2710 suadet
1065 2674 1242 2709 amare
1272 2655 1438 2709 liber?

129 2726 204 2779 nil
232 2727 333 2779 nisi
362 2734 638 2796 peccat-um
666 2727 1051 2795 manifestaque
1082 2727 1240 2797 culpa
1268 2726 1545 2780 fatendum
1574 2736 1670 2782 est.

201 2797 432 2867 paenitet
460 2797 659 2866 ingenii
686 2797 971 2865 iudiciique
1001 2798 1120 2850 mei.

40 2924 43 2927 Α
129 2885 226 2920 cur
252 2885 360 2920 non
388 2867 657 2938 Argolicis
685 2867 860 2937 potius
891 2886 1026 2936 quae
1057 2867 1284 2920 concidit
1313 2868 1472 2921 armis

201 2947 392 2992 vexata
421 2948 500 2991 est
529 2938 719 2990 iterum
749 2938 982 2992 carmine·
1006 2938 1171 2991 Troia
1199 2939 1352 2991 meo?

130 3026 226 3062 cur
253 3009 396 3064 tacui
425 3008 640 3069 Thebas
671 3018 723 3062 et
751 3009 971 3062 vulnera
999 3018 1184 3061 mutua
1212 3009 1452 3071 fratrum,

202 3089 255 3132 et
283 3088 484 3149 sept-em
513 3088 691 3149 portas
701 3119 716 3143 ,
747 3080 847 3132 sub
878 3080 1011 3133 duce
1042 3097 1307 3148 quamque
1339 3080 1467 3132 suo?

131 3168 228 3203 nec
256 3150 387 3203 mihi
413 3150 687 3203 materiam
717 3151 959 3203 bellatrix
990 3150 1162 3204 Roma
1190 3150 1438 3220 negabat,

204 3229 255 3273 et
283 3221 402 3290 pius
433 3230 534 3283 est,
565 3222 766 3291 patriae
796 3221 938 3275 facta
967 3221 1187 3284 referre,
1218 3222 1392 3274 labor:

131 3289 356 3360 denique
386 3309 509 3345 cum
537 3292 734 3346 meritis
764 3292 1064 3362 impleveris
1093 3292 1292 3355 omnia,
1325 3290 1540 3356 Caesar,

203 3379 324 3430 pars
352 3362 481 3415 mihi
511 3363 575 3417 de
604 3363 782 3416 multis
813 3383 920 3416 una
951 3363 1188 3416 canenda
1216 3363 1340 3416 fuit:

133 3438 295 3499 utque
325 3433 538 3486 trahunt
567 3435 746 3488 oculos
777 3434 1036 3487 radiantia
1064 3434 1266 3486 lumina
1295 3433 1435 3497 soliS,

205 3502 482 3558 traxissent
512 3504 746 3558 animum
775 3506 849 3559 sic
879 3514 971 3558 tua
1000 3505 1141 3559 facta
1169 3523 1362 3559 meum.

1744 347 1842 398 141

1875 619 1956 659 285

1875 973 1957 1013 290

1874 1326 1955 1365 295

1873 1679 1956 1720 300

1872 2034 1953 2075 305

1871 2390 1953 2430 310

1869 2745 1949 2784 315

1868 3099 1951 3139 320

1866 3452 1949 3491 325
