2158 3906
309 303 412 357 160
866 307 921 350 Ρ.
956 304 1163 351 OVIDII
1191 302 1461 354 NASONIS

314 423 563 481 tantaque
596 408 843 463 commoti
873 407 952 459 vis
985 415 1063 460 est
1093 406 1374 475 aquiloniS,
1406 414 1463 457 ut
1495 405 1626 456 altas

388 491 576 551 aequet
605 482 766 532 humo
798 488 967 530 turres
998 485 1240 545 tectaque
1270 484 1421 546 rapta
1450 475 1600 528 ferat.

314 555 539 627 pellibus
571 562 624 604 et
653 550 781 601 sutis
814 557 993 600 arcent
1022 548 1162 599 mala
1191 547 1390 616 frigora
1419 545 1607 607 bracis,

228 647 286 685 20
389 641 584 691 oraque
615 621 681 673 de
711 628 819 672 toto
852 636 1069 688 corpore
1101 618 1211 670 sola
1239 626 1438 687 patent.

318 714 475 764 saepe
506 700 694 745 sonant
725 690 852 742 moti
882 689 1052 759 glacie
1082 689 1344 759 pendente
1376 687 1567 757 capilli,

387 781 437 817 et
466 763 596 816 nitet
626 761 842 813 inducto
875 759 1100 812 candida
1131 759 1295 811 barba
1324 760 1464 828 gelu.

314 836 563 902 nudaque
595 832 911 892 consistunt,
944 831 1167 882 formam
1199 829 1462 882 servantia
1492 837 1673 890 testae,

387 906 532 967 vina,
563 922 660 956 nec
691 903 880 954 hausta
909 902 1063 964 meri,
1096 901 1190 953 sed
1221 900 1343 952 data
1373 899 1540 951 frusta
1568 898 1773 950 bibunt.

231 997 284 1035 25
318 977 445 1047 quid
474 977 682 1043 loquar,
714 983 774 1025 ut
804 972 967 1024 vincti
997 980 1338 1024 concrescant
1366 970 1564 1039 frigore
1594 969 1709 1030 rivi,

389 1048 559 1115 deque
588 1046 709 1097 lacu
739 1044 954 1113 fragiles
986 1042 1304 1095 effodiantur
1334 1058 1527 1109 aquae:

315 1119 452 1189 ipse,
483 1116 784 1187 papyrifero
818 1114 909 1183 qui
939 1132 1044 1167 non
1076 1113 1350 1183 angustior
1380 1130 1533 1164 amne

388 1190 636 1240 miscetur
666 1195 816 1239 vasto
846 1186 1013 1237 multa
1043 1203 1137 1254 per
1167 1203 1259 1236 ora
1288 1183 1440 1245 fret0‚

318 1260 586 1313 caeruleos
617 1258 785 1311 ventis
815 1256 996 1309 latices
1028 1254 1364 1316 durantibus,
1395 1253 1579 1306 Hister

232 1351 287 1390 30
391 1331 633 1399 congelat
664 1337 716 1381 et
745 1328 894 1381 tectis
924 1328 979 1380 in
1010 1346 1153 1380 mare
1186 1325 1347 1395 serpit
1378 1325 1545 1392 aquis.

319 1420 528 1470 quaque
560 1409 698 1454 rates
728 1399 919 1460 ierant,
950 1398 1173 1467 pedibus
1204 1414 1346 1449 nunc
1376 1395 1506 1457 itur,
1539 1403 1591 1447 et
1621 1394 1791 1446 undas

387 1473 583 1541 frigore
615 1479 884 1523 concretas
915 1469 1116 1538 ungula
1145 1469 1321 1537 pulsat
1352 1466 1498 1534 equi:

317 1562 516 1613 perque
545 1560 711 1594 novos
742 1549 953 1610 ponteS‚
986 1539 1165 1591 subter
1195 1538 1494 1591 labentibus
1525 1536 1698 1598 undis,

390 1615 588 1666 ducunt
622 1611 902 1665 Sarmatici
932 1610 1157 1662 barbara
1187 1610 1422 1679 plaustra
1452 1609 1631 1660 boves.

232 1703 286 1742 35
318 1685 408 1737 vix
439 1683 685 1752 equidem
716 1683 898 1735 credar
926 1712 998 1718 —
1027 1681 1120 1733 sed
1152 1699 1274 1732 cum
1304 1679 1407 1732 sint
1436 1678 1671 1748 praemia
1701 1677 1822 1729 falsi

389 1756 558 1816 nulla,
589 1763 759 1806 ratam
790 1753 947 1806 debet
978 1752 1123 1804 testis
1154 1751 1348 1803 habere
1377 1750 1538 1802 fidem
1567 1769 1661 1799 —:

319 1827 547 1878 vidimus
579 1826 849 1893 ingentem
879 1823 1048 1892 glacie
1081 1822 1363 1874 consistere
1393 1829 1631 1890 pontum,

390 1896 698 1964 lubricaque
730 1895 955 1946 inmotas
986 1902 1121 1946 testa
1151 1891 1425 1962 premebat
1456 1909 1636 1958 aquas.

318 1987 416 2021 nec
447 1967 642 2019 vidisse
674 1975 753 2017 sat
785 1975 886 2018 est:
920 1965 1112 2016 durum
1143 1963 1462 2015 calcavimus
1494 1978 1707 2029 aequor,

232 2056 291 2095 40
391 2038 639 2105 undaque
670 2054 776 2088 non
805 2036 911 2088 udo
944 2035 1043 2087 sub
1074 2034 1209 2104 pede
1240 2052 1447 2086 summa
1476 2032 1592 2084 fuit.

321 2109 365 2162 si
396 2109 489 2161 tibi
519 2109 624 2160 tale
652 2107 848 2160 'fretum
879 2105 1170 2175 quondam,
1203 2105 1476 2166 Leandre,
1507 2103 1711 2166 fuisset,

390 2183 498 2232 non
528 2179 664 2231 foret
695 2187 951 2248 angustae
983 2195 1123 2229 mors
1155 2186 1246 2228 tua
1277 2176 1474 2229 crimen
1507 2192 1692 2242 aquae.

319 2260 433 2303 tum
463 2268 635 2318 neque
667 2268 722 2302 se
753 2249 914 2319 pandi
945 2256 1167 2317 possunt
1198 2246 1470 2316 delphines
1501 2245 1555 2297 in
1588 2262 1743 2296 auras

391 2322 597 2374 tollere:
631 2329 879 2373 conantes
912 2319 1044 2370 dura
1075 2323 1279 2370 coe‘rcet
1308 2317 1492 2370 hiems,

234 2410 290 2449 45
323 2401 374 2445 et
405 2391 645 2460 quamvis
672 2391 862 2443 boreas
892 2389 1097 2442 iactatis
1128 2389 1335 2441 insonet
1365 2388 1476 2446 alis,

391 2464 581 2514 fluctus
611 2461 667 2513 in
698 2461 912 2514 obsesso
942 2459 1151 2529 gurgite
1181 2459 1357 2511 nuHus
1389 2458 1502 2519 erit,

321 2534 661 2601 inclusaeque
692 2533 816 2601 gelu
846 2532 1061 2584 stabunt
1091 2538 1150 2582 ut
1179 2547 1440 2581 marmora
1470 2547 1693 2598 puppeS,

393 2622 493 2656 nec
521 2603 714 2673 poterit
744 2602 940 2672 rigidas
971 2601 1170 2654 findere
1200 2619 1375 2653 remus
1407 2618 1587 2667 aquas.

320 2675 549 2728 vidimus
580 2674 635 2729 in
665 2674 834 2744 glacie
865 2673 1035 2742 pisces
1065 2672 1281 2724 haerere
1311 2671 1519 2741 ligatos,

236 2764 292 2803 50
395 2745 487 2798 sed
517 2764 638 2815 pars
671 2764 738 2798 ex
767 2744 867 2796 illis
900 2754 1026 2796 tunc
1057 2760 1268 2811 quoque
1298 2742 1422 2794 viva
1451 2741 1567 2792 fuit.

321 2817 432 2869 sive
462 2816 624 2886 igitur
653 2816 845 2868 boreae
875 2814 1024 2866 nimii
1052 2814 1131 2866 vis
1164 2833 1323 2866 saeva
1353 2813 1581 2865 marinas

393 2888 504 2940 sive
534 2886 854 2940 redundatas
884 2885 1099 2938 flumine
1131 2885 1270 2954 cogit
1302 2902 1491 2952 aquas:

319 2958 559 3028 protinus
570 2997 584 3021 ,
617 2966 843 3026 aequato
876 2956 1027 3009 siccis
1059 2955 1393 3024 aquilonibus
1426 2955 1626 3014 HistrO,

391 3028 659 3082 invehitur
689 3028 845 3081 celeri
874 3027 1130 3079 barbarus
1161 3026 1324 3078 hostis
1356 3043 1508 3093 equo.

237 3117 291 3156 55
322 3099 485 3152 hostis
517 3118 653 3168 equo
683 3100 886 3169 pollens
916 3099 1180 3168 longeque
1211 3097 1422 3149 volante
1454 3094 1647 3164 sagitta

393 3170 621 3222 vicinam
649 3171 754 3222 late
787 3170 1136 3238 depopulatur
1166 3167 1403 3219 humum.

323 3241 610 3310 diffugiunt
640 3240 750 3303 alii,
781 3239 1046 3306 nullisque
1076 3237 1343 3290 tuentibus
1375 3254 1531 3305 agros

393 3311 744 3363 incustoditae
778 3309 1093 3378 diripiuntur
1123 3326 1273 3377 opes3

321 3383 456 3434 ruris
489 3399 612 3451 opes
645 3399 864 3450 parvae,
897 3398 1058 3448 pecus
1089 3387 1140 3431 et
1171 3377 1442 3429 stridentia
1472 3377 1725 3446 plaustra,

238 3470 293 3510 60
396 3462 447 3505 et
477 3469 608 3521 quas
641 3451 846 3503 divitias
878 3450 1049 3502 incola
1079 3467 1281 3518 pauper
1311 3447 1495 3500 habet:
