2158 3906
351 331 455 385 206
904 343 959 386 P.
993 340 1200 387 OVIDII
1229 339 1500 387 NASONIS

426 445 582 497 exitio
613 443 775 495 facies
807 442 891 494 cui
922 461 1017 495 sua
1047 461 1215 512 paene
1245 442 1360 494 fuit.

352 516 431 577 id,
463 515 605 583 quod
633 513 1036 582 Amyntorides,
1067 513 1271 576 videas,
1302 512 1673 582 trepidumque
1703 511 1948 565 ministro

425 593 790 666 praetemptes
804 583 993 637 baculo
1023 584 1235 636 luminis
1268 584 1426 636 orbus
1457 583 1572 636 iter.

353 675 450 708 nec
480 656 599 724 plus
630 654 877 724 aspicias,
909 673 1069 723 quam
1100 673 1258 722 quem
1291 673 1387 706 sua
1416 654 1523 707 filia
1550 654 1703 718 rexit,

240 743 323 782 260
425 734 671 796 expertus
704 726 873 778 scelus
905 734 984 778 est
1013 725 1161 778 cuius
1192 735 1413 793 uterque
1443 744 1659 794 parens.

354 797 521 864 qualis
554 805 686 858 erat,
719 805 1000 865 postquam
1031 804 1110 849 est
1137 796 1299 849 iudex
1330 796 1395 849 de
1424 795 1560 849 lite
1545 814 1725 849 locosa

426 875 691 936 sumptus,
722 867 1006 936 Apollinea
1036 866 1251 919 clarus
1237 886 1292 918 1n
1322 875 1433 920 arte
1466 885 1650 919 senex·

354 938 523 1006 qualis
557 946 607 990 et
636 937 749 1007 ipse
779 938 904 1000 fuit,
936 956 1041 1006 quo
1071 937 1425 1007 praecipiente
1456 937 1705 990 columba

427 1018 505 1061 est
536 1008 659 1060 data
687 1008 960 1061 Palladiae
990 1009 1204 1078 praevia
1235 1009 1450 1077 duxque
1480 1007 1604 1060 rati:

241 1097 322 1136 265
354 1080 550 1147 quique
582 1079 746 1132 oculis
777 1079 967 1142 caruit,
998 1098 1094 1149 per
1124 1097 1256 1148 quos
1286 1079 1424 1132 male
1454 1078 1659 1132 viderat
1688 1096 1898 1161 aurum,

424 1151 638 1203 inferias
669 1159 792 1202 nato
825 1169 957 1219 quos
989 1149 1132 1203 dedit
1162 1150 1292 1203 orba
1320 1168 1534 1220 parens·

354 1232 534 1292 pastor
564 1231 621 1273 ut
650 1216 947 1284 AetnanS‚
981 1221 1066 1274 cui
1096 1240 1248 1274 casus
1280 1229 1402 1274 ante
1431 1220 1638 1274 futuros

427 1293 675 1344 Telemus
706 1292 1025 1362 Eurymides
1056 1292 1370 1345 vaticinatus
1401 1300 1538 1345 erat:

355 1372 413 1415 ut.
445 1364 547 1415 duo
578 1363 862 1426 Phinidae,
893 1364 1085 1431 quibus
1115 1363 1257 1416 idem
1287 1363 1467 1416 lumen
1497 1362 1710 1427 ademit,

242 1451 324 1489 270
427 1434 518 1502 qui
549 1434 714 1486 dedit:
746 1444 805 1486 ut
835 1435 1133 1503 Thamyrae
1163 1433 1566 1502 Demodocique
1597 1442 1775 1503 caput.

356 1504 430 1557 sic
462 1505 649 1572 aliquis
681 1514 772 1557 tua
801 1506 1040 1558 membra
1070 1514 1236 1568 secet,
1270 1504 1533 1558 Saturnus
1563 1514 1622 1557 ut
1652 1505 1773 1556 illas

429 1576 694 1628 subsecuit
723 1586 922 1646 partes,
953 1576 1092 1628 unde
1125 1584 1330 1628 creatus
1362 1585 1489 1628 erat.

355 1665 453 1699 nec
484 1646 581 1699 tibi
612 1647 677 1698 sit
706 1647 891 1700 melior
921 1646 1132 1699 tumidis
1164 1646 1489 1716 Neptunus
1474 1665 1529 1698 1n
1558 1645 1735 1709 undiS,

428 1736 588 1785 quam
618 1717 704 1770 cui
734 1727 856 1771 sunt
886 1718 1090 1771 subitae
1120 1718 1281 1770 frater
1311 1727 1364 1770 et
1393 1735 1528 1769 uxor
1558 1736 1699 1779 aves,

244 1805 324 1843 275
357 1789 658 1855 sollertique
689 1789 825 1851 viro,
855 1789 1060 1841 lacerae
1091 1806 1249 1856 quem
1279 1788 1448 1840 fracta
1476 1796 1742 1840 tenentem

428 1860 665 1912 membra
694 1859 819 1911 ratis
853 1858 1089 1913 Semeles
1121 1868 1200 1912 est
1227 1859 1474 1911 miserata
1505 1876 1666 1910 soror.

356 1930 440 1982 vel
471 1940 585 1992 tua,
617 1948 683 1982 ne
713 1948 916 1999 poenae
946 1948 1116 1999 genus
1147 1929 1247 1982 hoc
1278 1928 1586 1998 cognoverit
1614 1947 1772 1992 unus,

428 2001 630 2053 viscera
660 2000 879 2053 diversis
911 2001 1074 2053 scissa
1102 1999 1340 2054 ferantur
1369 1999 1542 2068 equis:

356 2072 440 2124 vel
471 2090 630 2139 quae,
663 2071 754 2139 qui
783 2071 970 2124 redimi
999 2071 1242 2124 Romano
1271 2079 1424 2141 turpe
1454 2070 1678 2140 putavit,

243 2159 325 2198 280
429 2162 460 2194 a
490 2143 623 2195 duce
653 2142 890 2196 Puniceo
920 2142 1202 2212 pertulit,'
1185 2161 1302 2224 Jpse
1332 2142 1488 2195 feras.

356 2232 454 2266 nec
484 2213 580 2265 tibi
611 2213 844 2266 subsidio
874 2232 1125 2296 praesens
1156 2213 1221 2265 sit
1250 2231 1472 2275 numen,
1503 2220 1563 2265 ut
1592 2211 1686 2275 illi,

429 2285 514 2336 cui
544 2284 616 2336 nil
646 2285 872 2338 Rhoetei
901 2284 1098 2354 profuit
1129 2303 1220 2337 ara
1248 2283 1409 2336 Iovis.

357 2366 521 2423 utque
552 2355 696 2408 dedit
726 2357 890 2408 saltus
921 2356 986 2409 de
1017 2374 1223 2408 summa
1251 2354 1539 2407 Thessalus
1572 2352 1733 2417 Ossa,

428 2436 487 2477 tu
516 2445 726 2494 quoque
758 2444 946 2478 saxoso
976 2426 1319 2495 praecipitere
1348 2425 1492 2494 iugo,

243 2514 326 2553 285
359 2507 451 2549 aut
481 2498 623 2549 velut
655 2496 971 2566 Eurylochi,
1002 2497 1092 2564 qui
1124 2506 1389 2565 sceptrum
1421 2495 1558 2565 cepit
1589 2494 1657 2548 ab
1687 2495 1797 2558 illo,

434 2567 536 2618 sint
566 2576 708 2619 artus
741 2567 907 2620 avidis
939 2567 1201 2636 anguibus
1232 2584 1352 2619 esca
1381 2566 1474 2618 tui.

361 2639 445 2691 vel
475 2647 567 2690 tua
595 2647 823 2691 maturet
852 2638 986 2691 sicut
1015 2638 1221 2690 Mino’l'a
1249 2637 1361 2690 fata

428 2728 523 2778 per
553 2717 710 2778 caput
739 2709 945 2762 infusae
975 2708 1210 2762 fervidus
1239 2725 1393 2761 umor
1422 2726 1608 2776 aquae.

358 2789 534 2866 utque·
552 2780 734 2848 procul
766 2779 1017 2849 Scythiae
1046 2779 1326 2849 pendens
1311 2799 1367 2832 m
1396 2798 1528 2849 rupe
1557 2778 1913 2833 Prometheus

246 2867 328 2906 290
432 2851 598 2903 aerias
628 2851 867 2904 volucres
898 2869 1115 2920 corpore
1145 2851 1298 2903 vivus
1329 2850 1456 2903 alas.

360 2931 452 2974 aut
481 2922 626 2974 velut
650 2920 999 3004 Eurycrates,
1032 2940 1226 2991 magno
1256 2930 1335 2975 ter
1365 2921 1433 2973 ab
1463 2920 1697 2974 Hercule
1728 2921 1965 2990 quintUS,

433 3011 616 3046 caesus
647 2992 702 3044 in
730 2993 1030 3046 inmensum
1059 2993 1315 3062 proiciare
1345 2992 1558 3045 fretum.

361 3073 452 3116 aut
481 3073 540 3115 ut
561 3064 931 3146 Amyntiaden
960 3063 1103 3134 turpi
1133 3063 1353 3116 dilectus
1385 3082 1563 3116 amore

433 3134 600 3186 oderit
631 3143 682 3187 et
712 3153 870 3188 saevo
901 3135 1141 3187 vulneret
1171 3153 1294 3186 ense
1324 3152 1472 3203 puer.

248 3222 329 3260 295
361 3223 458 3258 nec
489 3205 584 3257 tibi
612 3205 719 3257 fida
746 3205 916 3275 magis
946 3204 1153 3257 misceri
1182 3205 1373 3273 pocula
1402 3203 1620 3274 possint,

433 3294 592 3343 quam
621 3276 712 3343 qui
742 3276 1015 3344 cornigero
1047 3275 1111 3327 de
1142 3275 1270 3327 Iove
1299 3285 1454 3327 natus
1486 3282 1614 3327 erat.

359 3364 505 3398 more
537 3346 620 3397 vel
650 3347 874 3399 intereas
906 3345 1045 3415 capti
1075 3364 1360 3414 suspensus
1391 3343 1616 3407 Achaei,

434 3417 525 3484 qui
554 3416 712 3469 miser
742 3415 970 3469 aurifera
999 3423 1130 3468 teste
1162 3415 1411 3497 pependit
1441 3433 1595 3483 aqua.

362 3496 454 3540 aut
483 3497 542 3540 ut
571 3487 897 3550 Achilliden,
931 3494 1153 3556 cognato
1185 3485 1395 3542 nomine
1427 3486 1646 3550 clarum,
