2158 3906
53 0 148 113 3

90 126 120 162 ,ἡ
138 127 162 146 ⁹

103 165 108 174 .

331 302 679 350 FASTORUM
708 304 831 349 LIB.
863 303 924 349 11.
956 303 1198 350 861-864.
1228 302 1315 350 ΙΙΙ.
1351 302 1505 347 1-80.

66 403 290 482 Diania,
319 404 499 476 piene,
526 404 638 458 avis
668 405 880 476 gemino
913 423 1008 475 pro
1040 405 1215 474 stipite
1246 413 1488 474 pugnant

86 482 94 546 ζ
142 488 194 534 et
221 478 362 548 lupa.
435 484 550 528 tuta
579 494 672 546 per
701 476 797 529 hos
827 485 1050 544 utraque
1080 475 1257 545 palma
1286 474 1419 527 fuit?

67 545 297 611 linerat,
327 554 378 600 et
407 546 619 618 plenam
648 564 754 598 non
784 546 946 598 firmis
978 546 1176 598 viribus
1208 564 1398 600 urnam

144 617 365 674 sustulit.
439 616 705 686 implerat,
737 617 864 669 dum
895 636 992 669 sua
1022 617 1135 669 visa
1164 616 1340 669 refert.

62 684 274 762 ‘fitereas
295 687 563 742 crescente
592 687 788 749 Remo,
821 697 1086 741 crescente
1119 686 1363 754 Quirine,

63 759 106 814 ἒξ
142 758 352 816 caelesti
379 757 612 812 tumidus
642 758 874 829 pondere
906 769 1090 811 venter
1120 767 1247 812 erat.

66 840 75 898 j
115 894 118 898 Α
145 850 176 886 ο
204 829 386 883 minus
406 828 634 883 emeritis
664 829 832 883 exiret
862 829 1102 883 cursibus
1135 847 1321 892 annus,

40 903 99 941 ’-
139 900 408 957 restabant
436 899 602 953 nitido
633 899 740 953 iam
771 900 876 953 duo
908 900 1061 970 signa
1093 899 1209 954 deo,

27 1015 29 1018 .
156 971 238 1025 via
267 971 325 1025 fit
353 980 543 1024 mater:
575 971 772 1026 Vestae
803 971 1084 1024 simulacra
1114 971 1356 1024 feruntur

90 1054 111 1106 ¹>f
140 1042 401 1113 virgineas
432 1041 597 1096 oculis
628 1042 937 1112 opposuisse
969 1061 1173 1095 manus.

109 1175 114 1178 .
189 1114 317 1167 deae
349 1122 488 1167 certe
518 1113 754 1176 tremuit,
784 1113 1021 1183 pariente
1051 1112 1308 1174 ministra,

52 1248 54 1250 ,
94 1196 113 1214 ⁵
141 1194 193 1240 et
221 1183 381 1238 subiit
410 1183 611 1237 cineres
642 1184 823 1238 territa
852 1184 1065 1236 flamma
1095 1200 1235 1235 suos,

62 1290 66 1299 ·
99 1320 103 1322 v
142 1271 145 1273 ’
197 1254 566 1324 ubicognovit
595 1262 924 1324 contemptor
954 1252 1203 1305 Amulius
1235 1252 1409 1320 aequi,
1440 1280 1514 1292 —·

22 1329 23 1383 Ϊ
65 1336 262 1382 atnam
291 1334 467 1396 raptas
498 1323 648 1377 fratri
678 1324 845 1377 victor
875 1322 1105 1376 habebat
1136 1341 1263 1392 opes
1294 1352 1366 1360 —

21 1423 23 1428 v
62 1394 222 1471 j'ffime
251 1395 395 1450 iubet
425 1394 594 1466 mergi
623 1394 879 1465 geminos.
955 1394 1135 1451 scelus,
1157 1393 1301 1446 unda
1332 1392 1556 1463 refugitz

20 1523 21 1526 ,
139 1467 194 1523 in
223 1467 362 1522 sicca
390 1466 540 1537 pueri
571 1466 928 1520 destituuntur
958 1465 1137 1518 hume.

19 1566 21 1576 ⁴
65 1523 204 1597 {acte
234 1536 607 1622 quisinfantes
638 1537 804 1590 nescit
834 1537 1060 1590 crevisse
1092 1535 1262 1589 ferino

79 1630 82 1631 ⁷
142 1618 194 1664 et
221 1627 397 1681 picum
427 1608 676 1679 expositis
709 1627 866 1678 saepe
898 1607 1080 1661 tulisse
1112 1606 1291 1660 cibos?

18 1717 19 1722 =
66 1678 176 1749 {lon
207 1697 306 1752 ego
335 1688 411 1743 te,
442 1687 618 1734 tantae
649 1679 826 1732 nutrix
858 1678 1111 1732 Larentia
1140 1677 1332 1748 gentis,

23 1799 28 1808 .
71 1791 74 1795 -
139 1769 236 1806 nee
264 1759 469 1805 taceam
498 1760 724 1813 vestras,
755 1750 1011 1803 Faustule
1042 1768 1267 1819 pauper,
1298 1766 1445 1818 opes,

16 1827 17 1836 ³
66 1831 240 1878 vester
268 1821 432 1875 honos
462 1821 662 1884 veniet,
694 1840 816 1875 cum
845 1820 1153 1874 Larentalia
1183 1819 1382 1872 dicam:

67 1908 74 1934 ’ἱ
141 1901 386 1964 acceptus
418 1891 603 1947 Geniis
633 1892 723 1945 illa
753 1891 1053 1945 December
1083 1891 1261 1944 habet.

39 1959 267 2037 ‚gMartia
296 1974 375 2018 ter
405 1981 559 2018 senos
589 1963 761 2034 proles
793 1963 1095 2016 adoleverat
1126 1981 1311 2024 annos,

58 2034 71 2086 μ’
140 2045 192 2089 et
223 2034 432 2088 suberat
463 2034 632 2087 flavae
660 2033 768 2086 iam
798 2052 937 2087 nova
969 2034 1133 2086 barba
1163 2051 1362 2086 comae.

35 2097 312 2184 ffibmnibus
342 2104 585 2175 agricolis
617 2113 1076 2172 armentorumque
1109 2104 1375 2173 magistris

43 2185 74 2246 ’ξς
138 2176 339 2230 Iliadae
369 2175 556 2229 fratres
585 2175 702 2228 iura
731 2176 894 2246 petita
924 2175 1138 2227 dabant.

46 2248 225 2319 ''paepe
256 2247 471 2299 domum
501 2246 720 2300 veniunt
748 2245 1076 2316 praedonum
1106 2244 1363 2315 sanguine
1395 2243 1519 2298 laeti

5 2319 32 2356 'v
67 2326 82 2385 ,ζ
140 2327 192 2372 et
219 2317 467 2388 redigunt
497 2326 641 2370 actos
671 2317 726 2370 in
758 2336 854 2370 sua
883 2336 1006 2370 rura
1036 2317 1215 2369 boveS.

65 2397 130 2451 'at
155 2407 324 2460 genus
354 2387 656 2450 audierunt,
695 2387 896 2441 animos
944 2397 1076 2440 mter
1107 2387 1277 2440 editus
1311 2394 1489 2456 auget,

31 2482 102 2512 x
141 2469 190 2513 et
221 2459 384 2530 pudet
411 2459 466 2513 in
495 2459 677 2529 paucis
708 2477 902 2512 nomen
927 2407 1127 2512 liabere
1159 2457 1318 2510 casis:

62 2528 432 2599 Romuleoque
464 2530 604 2583 cadit
633 2530 881 2583 traiectus
912 2530 1162 2582 Amulius
1194 2547 1336 2591 ense,

139 2619 406 2671 regnaque
436 2602 696 2671 longaevo
727 2601 1075 2654 restituuntur
1105 2618 1222 2652 ave.

59 2672 275 2735 moenia
304 2672 621 2725 conduntur:
653 2690 789 2740 quae
819 2672 1061 2740 quamvis
1092 2690 1258 2741 parva
1287 2670 1520 2734 fuerunt,

32 2800 45 2806 „
68 2786 83 2795 ,.
140 2761 245 2797 non
274 2752 451 2797 tamen
480 2743 713 2812 expediit
742 2743 1093 2795 transsiluisse
1124 2742 1310 2795 Remo.
1341 2772 1414 2779 —-

16 2875 23 2880 ⁵
51 2806 197 2890 Jiam,
226 2814 384 2867 modo
414 2831 522 2882 qua
550 2813 759 2867 fuerant
790 2814 951 2866 silvae
981 2830 1338 2882 pecorumque
1368 2830 1625 2876 recessuS,

36 2896 79 2951 ,ᾗς
139 2885 264 2939 urbs
295 2894 430 2948 erat,
461 2893 703 2938 aeternae
735 2902 856 2937 cum
885 2894 1036 2954 pater
1066 2883 1211 2935 urbis
1243 2884 1339 2935 ait:

31 2955 288 3009 ⁸&arbiter
317 2973 606 3018 armorum,
638 2955 703 3008 de
735 2955 882 3007 cuius
915 2954 1172 3024 sanguine
1201 2962 1358 3006 natus

30 3029 86 3096 3³33,
141 3027 348 3089 credor,
378 3056 452 3064 —
479 3035 532 3079 et
559 3035 620 3078 ut
649 3026 855 3088 credar,
887 3026 1110 3095 pignora
1138 3025 1306 3077 multa
1337 3023 1474 3077 dabo
1505 3054 1579 3063 —-

35 3109 37 3114 ’
63 3094 79 3110 “
134 3106 184 3152 te
212 3097 527 3168 principium
556 3097 797 3150 Romano
829 3097 1051 3148 dicimus
1083 3114 1246 3148 anno:

83 3182 88 3192 ‘
141 3167 341 3238 primus
371 3168 437 3222 de
466 3168 634 3239 patrio
664 3167 875 3220 nomine
905 3167 1100 3220 mensis
1132 3166 1261 3220 erit.'

35 3267 54 3297 -ς-
108 3256 176 3292 ox
204 3249 318 3292 rata
346 3239 428 3302 fit,
458 3239 734 3309 patrioque
765 3247 917 3291 vocat
948 3239 1012 3291 de
1043 3238 1252 3290 nomine
1284 3256 1538 3291 mensem.

83 3311 85 3326 ²
143 3309 330 3362 dicitur
358 3310 490 3363 haec
519 3310 686 3379 pietas
717 3318 869 3380 grata
897 3309 1060 3362 fuisse
1092 3309 1209 3362 deo·

79 3448 81 3450 Ι
106 3386 129 3433 t
154 3388 478 3434 tamen.ante
509 3399 691 3434 omnes
723 3382 956 3433 Martem
986 3381 1194 3434 coluere
1224 3380 1440 3450 priores·

43 3455 46 3460 ’
78 3515 79 3519 ¹
144 3449 243 3504 hoc
273 3451 488 3504 dederat
518 3452 702 3507 studiis
734 3452 923 3505 bellica
954 3451 1109 3504 turba
1141 3451 1265 3504 suis.

1813 630 1872 668 40

1812 985 1871 1024 45

1812 2049 1871 2089 60

1810 2404 1867 2443 65

1811 2761 1867 2799 70

1812 3468 1871 3506 80
