2158 3906
366 291 437 344 46
921 303 975 346 Ρ.
1010 301 1216 347 OV1D11
1246 300 1517 346 NASONIS

371 404 483 457 risit>
512 414 565 457 et
596 405 721 457 ‘his’
754 405 924 471 inquit
955 403 1139 455 ‘facito
1169 422 1288 454 mea
1318 403 1422 455 tela
1451 421 1719 472 procureS,

443 494 473 527 ο
505 476 583 527 vir
613 475 888 541 conloquio
919 491 1026 525 non
1056 473 1317 542 abigende
1349 474 1524 526 deum.

256 563 339 602 345
373 546 465 599 sed
495 546 614 607 tibi,
646 545 919 614 protulerit
949 563 1069 596 cum
1100 553 1266 595 totum
1298 544 1556 597 crastinus
1587 544 1774 598 orbem

446 614 734 685 Cynthius,
765 614 970 683 imperii
1000 615 1222 684 pignora
1252 625 1394 667 certa
1424 614 1595 678 dabo?

373 686 525 747 dixit,
559 696 609 738 et
638 686 840 754 ingenti
871 685 1067 737 tonitru
1098 704 1256 755 super
1286 685 1497 738 aethera
1525 695 1730 739 motum

442 757 630 818 fertur,
663 756 969 808 adorantem
1000 756 1338 824 destituitque
1368 757 1617 808 Numam.

372 828 457 879 ille
487 827 622 879 redit
650 827 818 878 laetus
850 836 1211 894 memoratque
1243 827 1540 893 Quiritibus
1572 836 1708 881 acta.

257 915 340 954 350
443 897 592 949 tarda
622 897 765 950 venit
795 897 947 949 dictis
980 898 1312 965 difficilisque
1343 898 1490 950 fides.

373 973 620 1021 ‘atcerte
652 968 926 1021 credemur
938 968 969 1031 ,³
1002 968 1074 1020 ait
1104 968 1173 1019 ‘si
1204 969 1366 1021 verba
1391 970 1646 1036 'sequetur

443 1039 638 1091 exitus:
678 1058 743 1092 en
776 1040 899 1091 audi
930 1039 1179 1101 crastina,
1210 1039 1448 1107 quisquis
1478 1039 1620 1091 ades.

370 1110 643 1180 protulerit
673 1110 822 1162 terris
854 1129 974 1163 cum
1005 1119 1173 1162 totum
1205 1109 1467 1179 Cynthius
1499 1110 1700 1172 orbem,

442 1181 680 1250 Iuppiter
708 1181 911 1250 imperii
941 1182 1161 1251 pignora
1192 1191 1334 1234 certa
1364 1181 1541 1233 dabit?

257 1269 339 1307 355
373 1251 649 1304 discedunt
681 1252 850 1314 dubii,
882 1253 1243 1321 promissaque
1274 1251 1721 1313 tarda-videntur,

445 1323 809 1391 dependetque
840 1323 969 1376 fides
1002 1343 1032 1375 a
1063 1324 1302 1376 veniente
1334 1323 1435 1375 die.

372 1394 541 1446 mollis
575 1403 686 1446 erat
714 1395 866 1446 tellus
897 1404 1071 1446 rorata
1101 1413 1254 1446 mane
1284 1394 1495 1463 pruina:

432 1474 561 1517 -ante
595 1464 675 1516 sui
706 1466 933 1534 populus
962 1465 1143 1517 limina
1172 1465 1311 1534 regis
1343 1465 1507 1517 adest.

370 1535 568 1605 prodit,
600 1545 651 1588 et
681 1536 734 1587 in
766 1536 894 1588 solio
925 1536 1129 1588 medius
1160 1535 1395 1588 consedit
1425 1553 1642 1588 acerno:

257 1622 341 1661 360
442 1606 702 1658 innumeri
733 1606 871 1659 circa
901 1615 1142 1675 stantque
1174 1607 1432 1675 silentque
1462 1606 1576 1658 viri.

372 1687 517 1729 ortus
549 1685 660 1729 erat
690 1696 895 1730 summo
926 1678 1288 1730 tantummodo
1316 1677 1554 1747 margine
1584 1677 1866 1732 Phoebusz

445 1749 693 1801 sollicitae
724 1759 924 1801 mentes
956 1767 1153 1818 speque
1184 1758 1432 1816 metuque
1463 1758 1674 1817 pavent.

373 1819 603 1872 constitit
633 1829 789 1887 atque
822 1829 980 1888 caput
1010 1820 1163 1871 niveo
1194 1821 1397 1872 velatus
1428 1819 1626 1871 amictu

443 1890 547 1941 iam
580 1890 713 1942 bene
744 1890 825 1942 dis
854 1899 1004 1942 notas
1036 1891 1245 1942 sustulit
1274 1891 1360 1943 ille
1390 1909 1577 1942 manus

258 1975 340 2014 365
373 1970 532 2028 atque
562 1960 636 2013 ita
665 1966 898 2029 ‘tempus
930 1961 1077 2013 adest
1106 1961 1351 2030 promissi
1379 1961 1634 2013 muneris'
1667 1958 1867 2029 inquit:

445 2031 754 2100 ‘pollicitam
787 2031 961 2094 dictis,
993 2031 1256 2101 Iuppiter,
1293 2032 1427 2084 adde
1457 2031 1649 2084 fidem.'

372 2101 499 2153 dum
529 2102 785 2169 loquitur,
817 2112 986 2154 totum
1016 2102 1122 2154 iam
1153 2103 1231 2154 sol
1262 2112 1528 2156 emoverat
1557 2102 1759 2165 orbem,

444 2182 494 2225 et
524 2172 700 2242 gravis
732 2173 962 2226 aetherio
993 2173 1137 2226 venit
1166 2174 1234 2225 ab
1265 2192 1363 2226 axe
1394 2173 1589 2243 fragor.

313 2277 315 2282 ι
373 2252 453 2297 ter
482 2244 652 2295 tonuit
682 2244 793 2297 sine
823 2245 964 2297 nube
996 2244 1149 2306 deus,
1181 2245 1280 2296 tria
1309 2244 1533 2296 fulmina
1562 2244 1720 2296 misit.

258 2329 342 2368 370
445 2315 639 2367 credite
670 2315 886 2379 dicenti:
919 2315 1074 2378 mira,
1107 2315 1198 2368 sed
1229 2324 1370 2376 acta,
1402 2315 1602 2382 loquor.

374 2404 405 2437 a
434 2386 606 2437 media
637 2386 840 2437 caelum
870 2386 1084 2455 regione
1116 2386 1385 2438 dehiscere
1416 2385 1612 2454 coepit:

445 2456 751 2508 summisere
782 2457 961 2508 oculos
992 2475 1113 2509 cum
1144 2457 1277 2509 duce
1308 2456 1463 2508 turba
1493 2474 1607 2508 suo·

373 2545 495 2579 ecce
526 2527 629 2578 levi
660 2536 868 2579 scutum
898 2536 1163 2579 versatum
1194 2527 1379 2580 leniter
1407 2546 1536 2579 aura

446 2597 654 2649 decidit.
730 2617 759 2650 a
789 2599 984 2667 populo
1016 2599 1211 2650 clamor
1242 2599 1309 2650 ad
1341 2606 1479 2650 astra
1509 2597 1670 2650 venit.

258 2683 342 2721 375
374 2668 508 2720 tollit
538 2668 698 2720 humo
728 2688 919 2720 munus
951 2687 1103 2721 caesa
1132 2669 1276 2738 prius
1306 2669 1438 2722 ille'
1424 2688 1663 2730 luvenca,

444 2757 579 2807 quae
611 2739 772 2792 deder
775 2749 826 2791 at
855 2740 984 2791 nulli
1015 2741 1147 2792 colla
1179 2759 1238 2808 pl
1242 2739 1507 2792 emenda
1492 2758 1651 2809 rugO,

374 2818 531 2877 atque
563 2810 730 2864 ancile
762 2820 938 2871 vocat,
971 2811 1113 2878 quod
1144 2811 1210 2862 ab
1243 2811 1385 2862 omni
1413 2820 1564 2880 parte
1593 2811 1820 2863 recisum
1851 2817 1954 2874 est,

447 2899 530 2948 qu
521 2899 654 2948 ique
684 2891 832 2933 notes
864 2882 1052 2944 oculis,
1085 2883 1310 2951 angulus
1341 2882 1509 2934 omnis
1541 2881 1704 2934 abest.

307 2985 309 2987 -
374 2960 523 3013 tunc,
555 2970 756 3004 memor
784 2952 988 3022 imperii
1019 2962 1212 3005 soitem
1244 2952 1528 3006 consistere
1558 2953 1612 3005 in
1642 2953 1752 3015 illo,
1794 2962 1796 2964 ’

260 3027 343 3075 380
446 3019 720 3074 consilium
751 3025 896 3076 mult
887 3043 946 3075 ie
978 3024 1273 3076 calliditatis
1303 3023 1416 3075 init.

374 3092 526 3162 plura
555 3093 701 3146 iubet
729 3094 841 3146 fieri
873 3094 1028 3145 simili
1059 3095 1257 3146 caelata
1285 3094 1472 3164 figura,

447 3182 587 3215 error
617 3173 675 3216 ut
705 3173 826 3216 ante
857 3166 1036 3216 oculos
1066 3141 1357 3216 insidiantis
1389 3174 1489 3217 eat.

374 3233 698 3297 Mamurius,
728 3253 934 3286 morum
964 3235 1213 3287 fabraene
1245 3234 1476 3287 exactior
1507 3232 1649 3297 artis,

448 3305 659 3357 difficile
691 3314 792 3367 est,
823 3305 977 3367 illud,
1010 3306 1207 3367 dicere,
1240 3304 1425 3356 clausit
1455 3323 1604 3373 opus

261 3392 344 3431 385
378 3375 462 3428 cui
492 3375 669 3427 Numa
698 3375 976 3427 munificus
1008 3375 1157 3427 ‘facti
1188 3383 1307 3444 pete
1336 3375 1592 3444 praemia'
1626 3373 1784 3428 dixit:

420 3468 422 3470 ’
448 3445 515 3498 ‘si
546 3464 666 3499 mea
692 3455 816 3499 nota
845 3445 998 3509 fides,
1031 3446 1183 3499 inrita
1213 3446 1357 3498 nulla
1386 3446 1565 3515 petes?
