<?xml version="1.0" encoding="UTF-8"?>
<!DOCTYPE html PUBLIC "-//W3C//DTD XHTML 1.0 Transitional//EN"
    "http://www.w3.org/TR/xhtml1/DTD/xhtml1-transitional.dtd">
<html xmlns="http://www.w3.org/1999/xhtml" xml:lang="en" lang="en">
 <head>
  <title>
</title>
<meta http-equiv="Content-Type" content="text/html;charset=utf-8" />
  <meta name='ocr-system' content='tesseract 3.04.00' />
  <meta name='ocr-capabilities' content='ocr_page ocr_carea ocr_par ocr_line ocrx_word'/>
</head>
<body>
  <div class='ocr_page' id='page_1' title='image "./carminaov03oviduoft_0280.png"; bbox 0 0 2158 3906; ppageno 0'>
   <div class='ocr_carea' id='block_1_1' title="bbox 339 331 1491 387">
    <p class='ocr_par' dir='ltr' id='par_1_1' title="bbox 339 331 1491 387">
     <span class='ocr_line' id='line_1_1' title="bbox 339 331 1491 387; baseline -0.003 0"><span class='ocrx_word' id='word_1_1' title='bbox 339 331 445 387; x_wconf 77' lang='lat'>242</span> <span class='ocrx_word' id='word_1_2' title='bbox 893 341 948 384; x_wconf 90' lang='lat' dir='ltr'>P.</span> <span class='ocrx_word' id='word_1_3' title='bbox 982 339 1190 386; x_wconf 86' lang='lat' dir='ltr'>ov1D11</span> <span class='ocrx_word' id='word_1_4' title='bbox 1219 337 1491 384; x_wconf 79' lang='lat' dir='ltr'>NASONIS</span> 
     </span>
    </p>
   </div>
   <div class='ocr_carea' id='block_1_2' title="bbox 260 440 1894 2281">
    <p class='ocr_par' dir='ltr' id='par_1_2' title="bbox 260 440 1894 2281">
     <span class='ocr_line' id='line_1_2' title="bbox 342 440 1798 514; baseline -0.005 -15"><span class='ocrx_word' id='word_1_5' title='bbox 342 447 573 514; x_wconf 90' lang='lat' dir='ltr'>dumque</span> <span class='ocrx_word' id='word_1_6' title='bbox 606 445 761 496; x_wconf 93' lang='lat' dir='ltr'>silens</span> <span class='ocrx_word' id='word_1_7' title='bbox 793 450 950 503; x_wconf 87' lang='lat' dir='ltr'>astat,</span> <span class='ocrx_word' id='word_1_8' title='bbox 984 450 1149 494; x_wconf 90' lang='lat' dir='ltr'>status</span> <span class='ocrx_word' id='word_1_9' title='bbox 1180 450 1259 494; x_wconf 85' lang='lat' dir='ltr'>est</span> <span class='ocrx_word' id='word_1_10' title='bbox 1288 441 1570 507; x_wconf 87' lang='lat' dir='ltr'>vultusque</span> <span class='ocrx_word' id='word_1_11' title='bbox 1601 440 1798 503; x_wconf 81' lang='lat' dir='ltr'><strong>diserti,</strong></span> 
     </span>
     <span class='ocr_line' id='line_1_3' title="bbox 415 510 1742 586; baseline -0.005 -18"><span class='ocrx_word' id='word_1_12' title='bbox 415 533 667 586; x_wconf 88' lang='lat' dir='ltr'>spemque</span> <span class='ocrx_word' id='word_1_13' title='bbox 699 514 890 566; x_wconf 88' lang='lat' dir='ltr'>decens</span> <span class='ocrx_word' id='word_1_14' title='bbox 922 512 1107 565; x_wconf 88' lang='lat' dir='ltr'>doctae</span> <span class='ocrx_word' id='word_1_15' title='bbox 1137 511 1283 564; x_wconf 88' lang='lat' dir='ltr'>vocis</span> <span class='ocrx_word' id='word_1_16' title='bbox 1314 511 1535 563; x_wconf 89' lang='lat' dir='ltr'>amictus</span> <span class='ocrx_word' id='word_1_17' title='bbox 1565 510 1742 563; x_wconf 85' lang='lat' dir='ltr'>habet.</span> 
     </span>
     <span class='ocr_line' id='line_1_4' title="bbox 343 582 1894 653; baseline -0.005 -14"><span class='ocrx_word' id='word_1_18' title='bbox 343 606 491 647; x_wconf 87' lang='lat' dir='ltr'>mox,</span> <span class='ocrx_word' id='word_1_19' title='bbox 524 585 614 637; x_wconf 92' lang='lat' dir='ltr'>ubi</span> <span class='ocrx_word' id='word_1_20' title='bbox 642 585 796 653; x_wconf 89' lang='lat' dir='ltr'>pulsa</span> <span class='ocrx_word' id='word_1_21' title='bbox 826 601 973 634; x_wconf 85' lang='lat' dir='ltr'>mora</span> <span class='ocrx_word' id='word_1_22' title='bbox 1003 592 1080 635; x_wconf 92' lang='lat' dir='ltr'>est</span> <span class='ocrx_word' id='word_1_23' title='bbox 1111 591 1267 650; x_wconf 89' lang='lat' dir='ltr'>atque</span> <span class='ocrx_word' id='word_1_24' title='bbox 1299 600 1355 633; x_wconf 88' lang='lat' dir='ltr'>os</span> <span class='ocrx_word' id='word_1_25' title='bbox 1387 582 1611 635; x_wconf 86' lang='lat' dir='ltr'>caeleste</span> <span class='ocrx_word' id='word_1_26' title='bbox 1643 582 1894 643; x_wconf 87' lang='lat' dir='ltr'>solutum,</span> 
     </span>
     <span class='ocr_line' id='line_1_5' title="bbox 414 653 1480 724; baseline -0.005 -15"><span class='ocrx_word' id='word_1_27' title='bbox 414 657 514 709; x_wconf 94' lang='lat' dir='ltr'>hoc</span> <span class='ocrx_word' id='word_1_28' title='bbox 545 673 762 724; x_wconf 90' lang='lat' dir='ltr'>superos</span> <span class='ocrx_word' id='word_1_29' title='bbox 792 653 932 705; x_wconf 89' lang='lat' dir='ltr'>iures</span> <span class='ocrx_word' id='word_1_30' title='bbox 962 671 1107 706; x_wconf 88' lang='lat' dir='ltr'>more</span> <span class='ocrx_word' id='word_1_31' title='bbox 1139 654 1304 706; x_wconf 91' lang='lat' dir='ltr'>solere</span> <span class='ocrx_word' id='word_1_32' title='bbox 1334 653 1480 720; x_wconf 90' lang='lat' dir='ltr'>loqui</span> 
     </span>
     <span class='ocr_line' id='line_1_6' title="bbox 260 721 1807 795; baseline -0.009 -11"><span class='ocrx_word' id='word_1_33' title='bbox 260 745 312 784; x_wconf 92' lang='lat'>55</span> <span class='ocrx_word' id='word_1_34' title='bbox 345 737 502 795; x_wconf 87' lang='lat' dir='ltr'>atque</span> <span class='ocrx_word' id='word_1_35' title='bbox 535 726 688 778; x_wconf 88' lang='lat' dir='ltr'>‘haec</span> <span class='ocrx_word' id='word_1_36' title='bbox 719 724 820 777; x_wconf 84' lang='lat' dir='ltr'>est’</span> <span class='ocrx_word' id='word_1_37' title='bbox 853 724 996 776; x_wconf 90' lang='lat' dir='ltr'>dicas</span> <span class='ocrx_word' id='word_1_38' title='bbox 1028 723 1301 776; x_wconf 84' lang='lat' dir='ltr'>‘facundia</span> <span class='ocrx_word' id='word_1_39' title='bbox 1330 722 1564 793; x_wconf 83' lang='lat' dir='ltr'>principe</span> <span class='ocrx_word' id='word_1_40' title='bbox 1596 721 1807 792; x_wconf 86' lang='lat' dir='ltr'>digna&#39;:</span> 
     </span>
     <span class='ocr_line' id='line_1_7' title="bbox 417 794 1360 865; baseline -0.004 -16"><span class='ocrx_word' id='word_1_41' title='bbox 417 797 624 865; x_wconf 89' lang='lat' dir='ltr'>eloquio</span> <span class='ocrx_word' id='word_1_42' title='bbox 655 796 860 848; x_wconf 84' lang='lat' dir='ltr'>tantum</span> <span class='ocrx_word' id='word_1_43' title='bbox 890 795 1177 847; x_wconf 82' lang='lat' dir='ltr'>nobilitatis</span> <span class='ocrx_word' id='word_1_44' title='bbox 1207 794 1360 847; x_wconf 91' lang='lat' dir='ltr'>inest.</span> 
     </span>
     <span class='ocr_line' id='line_1_8' title="bbox 345 864 1693 936; baseline -0.003 -16"><span class='ocrx_word' id='word_1_45' title='bbox 345 869 468 921; x_wconf 91' lang='lat' dir='ltr'>huic</span> <span class='ocrx_word' id='word_1_46' title='bbox 498 877 555 919; x_wconf 90' lang='lat' dir='ltr'>tu</span> <span class='ocrx_word' id='word_1_47' title='bbox 587 885 708 919; x_wconf 91' lang='lat' dir='ltr'>cum</span> <span class='ocrx_word' id='word_1_48' title='bbox 738 867 947 936; x_wconf 81' lang='lat' dir='ltr'>placeas</span> <span class='ocrx_word' id='word_1_49' title='bbox 979 876 1028 919; x_wconf 89' lang='lat' dir='ltr'>et</span> <span class='ocrx_word' id='word_1_50' title='bbox 1060 865 1254 919; x_wconf 85' lang='lat' dir='ltr'>vertice</span> <span class='ocrx_word' id='word_1_51' title='bbox 1286 864 1458 917; x_wconf 89' lang='lat' dir='ltr'>sidera</span> <span class='ocrx_word' id='word_1_52' title='bbox 1487 872 1693 933; x_wconf 80' lang='lat' dir='ltr'>tangaS,</span> 
     </span>
     <span class='ocr_line' id='line_1_9' title="bbox 418 933 1701 1008; baseline -0.004 -17"><span class='ocrx_word' id='word_1_53' title='bbox 418 939 611 1008; x_wconf 87' lang='lat' dir='ltr'>scripta</span> <span class='ocrx_word' id='word_1_54' title='bbox 642 946 819 990; x_wconf 87' lang='lat' dir='ltr'>tamen</span> <span class='ocrx_word' id='word_1_55' title='bbox 847 936 1062 1006; x_wconf 81' lang='lat' dir='ltr'>profugi</span> <span class='ocrx_word' id='word_1_56' title='bbox 1091 936 1224 988; x_wconf 90' lang='lat' dir='ltr'>vatis</span> <span class='ocrx_word' id='word_1_57' title='bbox 1255 933 1499 987; x_wconf 86' lang='lat' dir='ltr'>habenda</span> <span class='ocrx_word' id='word_1_58' title='bbox 1528 943 1701 1004; x_wconf 90' lang='lat' dir='ltr'>putas.</span> 
     </span>
     <span class='ocr_line' id='line_1_10' title="bbox 348 1005 1661 1078; baseline -0.005 -15"><span class='ocrx_word' id='word_1_59' title='bbox 348 1010 543 1063; x_wconf 90' lang='lat' dir='ltr'>scilicet</span> <span class='ocrx_word' id='word_1_60' title='bbox 572 1008 798 1078; x_wconf 86' lang='lat' dir='ltr'>ingeniis</span> <span class='ocrx_word' id='word_1_61' title='bbox 829 1007 1006 1075; x_wconf 88' lang='lat' dir='ltr'>aliqua</span> <span class='ocrx_word' id='word_1_62' title='bbox 1035 1016 1114 1060; x_wconf 88' lang='lat' dir='ltr'>est</span> <span class='ocrx_word' id='word_1_63' title='bbox 1144 1006 1424 1059; x_wconf 85' lang='lat' dir='ltr'>concordia</span> <span class='ocrx_word' id='word_1_64' title='bbox 1452 1005 1661 1068; x_wconf 88' lang='lat' dir='ltr'>iunctis,</span> 
     </span>
     <span class='ocr_line' id='line_1_11' title="bbox 263 1075 1498 1145; baseline -0.007 -9"><span class='ocrx_word' id='word_1_65' title='bbox 263 1097 316 1136; x_wconf 86' lang='lat'>60</span> <span class='ocrx_word' id='word_1_66' title='bbox 420 1090 471 1133; x_wconf 90' lang='lat' dir='ltr'>et</span> <span class='ocrx_word' id='word_1_67' title='bbox 503 1089 676 1132; x_wconf 88' lang='lat' dir='ltr'>servat</span> <span class='ocrx_word' id='word_1_68' title='bbox 706 1078 867 1131; x_wconf 88' lang='lat' dir='ltr'>studii</span> <span class='ocrx_word' id='word_1_69' title='bbox 896 1077 1111 1131; x_wconf 79' lang='lat' dir='ltr'>foedera</span> <span class='ocrx_word' id='word_1_70' title='bbox 1140 1078 1361 1145; x_wconf 90' lang='lat' dir='ltr'>quisque</span> <span class='ocrx_word' id='word_1_71' title='bbox 1393 1075 1498 1128; x_wconf 88' lang='lat' dir='ltr'>sui:</span> 
     </span>
     <span class='ocr_line' id='line_1_12' title="bbox 346 1147 1725 1220; baseline -0.004 -16"><span class='ocrx_word' id='word_1_72' title='bbox 346 1151 573 1204; x_wconf 90' lang='lat' dir='ltr'>rusticus</span> <span class='ocrx_word' id='word_1_73' title='bbox 605 1149 914 1220; x_wconf 84' lang='lat' dir='ltr'>agricolam,</span> <span class='ocrx_word' id='word_1_74' title='bbox 945 1149 1095 1201; x_wconf 91' lang='lat' dir='ltr'>miles</span> <span class='ocrx_word' id='word_1_75' title='bbox 1126 1148 1239 1201; x_wconf 88' lang='lat' dir='ltr'>fera</span> <span class='ocrx_word' id='word_1_76' title='bbox 1268 1147 1408 1200; x_wconf 90' lang='lat' dir='ltr'>bella</span> <span class='ocrx_word' id='word_1_77' title='bbox 1436 1155 1725 1216; x_wconf 84' lang='lat' dir='ltr'>gerentem,</span> 
     </span>
     <span class='ocr_line' id='line_1_13' title="bbox 418 1219 1518 1289; baseline -0.005 -15"><span class='ocrx_word' id='word_1_78' title='bbox 418 1231 675 1275; x_wconf 85' lang='lat' dir='ltr'>rectorem</span> <span class='ocrx_word' id='word_1_79' title='bbox 705 1220 898 1273; x_wconf 86' lang='lat' dir='ltr'>dubiae</span> <span class='ocrx_word' id='word_1_80' title='bbox 927 1220 1106 1273; x_wconf 91' lang='lat' dir='ltr'>navita</span> <span class='ocrx_word' id='word_1_81' title='bbox 1135 1219 1329 1289; x_wconf 83' lang='lat' dir='ltr'>puppis</span> <span class='ocrx_word' id='word_1_82' title='bbox 1361 1226 1518 1270; x_wconf 88' lang='lat' dir='ltr'>amat.</span> 
     </span>
     <span class='ocr_line' id='line_1_14' title="bbox 347 1287 1707 1361; baseline -0.004 -15"><span class='ocrx_word' id='word_1_83' title='bbox 347 1303 406 1346; x_wconf 85' lang='lat' dir='ltr'>tu</span> <span class='ocrx_word' id='word_1_84' title='bbox 436 1311 646 1361; x_wconf 89' lang='lat' dir='ltr'>quoque</span> <span class='ocrx_word' id='word_1_85' title='bbox 675 1291 949 1344; x_wconf 88' lang='lat' dir='ltr'>Pieridum</span> <span class='ocrx_word' id='word_1_86' title='bbox 981 1290 1179 1352; x_wconf 90' lang='lat' dir='ltr'>studi0,</span> <span class='ocrx_word' id='word_1_87' title='bbox 1211 1289 1468 1352; x_wconf 89' lang='lat' dir='ltr'>studiose,</span> <span class='ocrx_word' id='word_1_88' title='bbox 1498 1287 1707 1351; x_wconf 87' lang='lat' dir='ltr'>teneris,</span> 
     </span>
     <span class='ocr_line' id='line_1_15' title="bbox 418 1362 1686 1433; baseline -0.004 -17"><span class='ocrx_word' id='word_1_89' title='bbox 418 1363 734 1433; x_wconf 89' lang='lat' dir='ltr'>ingenioque</span> <span class='ocrx_word' id='word_1_90' title='bbox 765 1362 937 1424; x_wconf 87' lang='lat' dir='ltr'>faves,</span> <span class='ocrx_word' id='word_1_91' title='bbox 967 1362 1265 1430; x_wconf 87' lang='lat' dir='ltr'>ingeniose,</span> <span class='ocrx_word' id='word_1_92' title='bbox 1293 1378 1430 1413; x_wconf 89' lang='lat' dir='ltr'>meo.</span> <span class='ocrx_word' id='word_1_93' title='bbox 1683 1387 1686 1390; x_wconf 45' lang='lat'><strong>⁴</strong></span> 
     </span>
     <span class='ocr_line' id='line_1_16' title="bbox 265 1429 1819 1504; baseline -0.005 -16"><span class='ocrx_word' id='word_1_94' title='bbox 265 1451 317 1490; x_wconf 87' lang='lat'>65</span> <span class='ocrx_word' id='word_1_95' title='bbox 350 1435 509 1487; x_wconf 86' lang='lat' dir='ltr'>distat</span> <span class='ocrx_word' id='word_1_96' title='bbox 540 1453 672 1504; x_wconf 88' lang='lat' dir='ltr'>opus</span> <span class='ocrx_word' id='word_1_97' title='bbox 701 1442 964 1495; x_wconf 89' lang='lat' dir='ltr'>nostrum,</span> <span class='ocrx_word' id='word_1_98' title='bbox 997 1433 1090 1485; x_wconf 89' lang='lat' dir='ltr'>sed</span> <span class='ocrx_word' id='word_1_99' title='bbox 1119 1432 1355 1484; x_wconf 88' lang='lat' dir='ltr'>fontibus</span> <span class='ocrx_word' id='word_1_100' title='bbox 1387 1429 1495 1484; x_wconf 86' lang='lat' dir='ltr'>exit</span> <span class='ocrx_word' id='word_1_101' title='bbox 1525 1430 1592 1482; x_wconf 88' lang='lat' dir='ltr'>ab</span> <span class='ocrx_word' id='word_1_102' title='bbox 1622 1429 1819 1482; x_wconf 82' lang='lat' dir='ltr'>isdem:</span> 
     </span>
     <span class='ocr_line' id='line_1_17' title="bbox 422 1504 1600 1574; baseline -0.004 -17"><span class='ocrx_word' id='word_1_103' title='bbox 422 1505 545 1558; x_wconf 85' lang='lat' dir='ltr'>artis</span> <span class='ocrx_word' id='word_1_104' title='bbox 577 1515 629 1557; x_wconf 82' lang='lat' dir='ltr'>et</span> <span class='ocrx_word' id='word_1_105' title='bbox 658 1505 919 1574; x_wconf 87' lang='lat' dir='ltr'>ingenuae</span> <span class='ocrx_word' id='word_1_106' title='bbox 951 1504 1119 1555; x_wconf 88' lang='lat' dir='ltr'>cultor</span> <span class='ocrx_word' id='word_1_107' title='bbox 1147 1512 1368 1570; x_wconf 90' lang='lat' dir='ltr'>uterque</span> <span class='ocrx_word' id='word_1_108' title='bbox 1399 1520 1600 1554; x_wconf 88' lang='lat' dir='ltr'>sumus.</span> 
     </span>
     <span class='ocr_line' id='line_1_18' title="bbox 349 1571 1620 1646; baseline -0.005 -18"><span class='ocrx_word' id='word_1_109' title='bbox 349 1576 562 1646; x_wconf 83' lang='lat' dir='ltr'>thyrsus</span> <span class='ocrx_word' id='word_1_110' title='bbox 594 1575 744 1628; x_wconf 85' lang='lat' dir='ltr'>abest</span> <span class='ocrx_word' id='word_1_111' title='bbox 774 1594 805 1627; x_wconf 91' lang='lat' dir='ltr'>a</span> <span class='ocrx_word' id='word_1_112' title='bbox 834 1584 886 1627; x_wconf 92' lang='lat' dir='ltr'>te</span> <span class='ocrx_word' id='word_1_113' title='bbox 917 1583 1123 1643; x_wconf 89' lang='lat' dir='ltr'>gestata</span> <span class='ocrx_word' id='word_1_114' title='bbox 1153 1583 1205 1626; x_wconf 89' lang='lat' dir='ltr'>et</span> <span class='ocrx_word' id='word_1_115' title='bbox 1233 1574 1414 1625; x_wconf 90' lang='lat' dir='ltr'>laurea</span> <span class='ocrx_word' id='word_1_116' title='bbox 1443 1571 1620 1624; x_wconf 84' lang='lat' dir='ltr'>nobis:</span> 
     </span>
     <span class='ocr_line' id='line_1_19' title="bbox 423 1643 1587 1700; baseline -0.005 0"><span class='ocrx_word' id='word_1_117' title='bbox 423 1647 515 1700; x_wconf 89' lang='lat' dir='ltr'>sed</span> <span class='ocrx_word' id='word_1_118' title='bbox 545 1656 722 1699; x_wconf 89' lang='lat' dir='ltr'>tamen</span> <span class='ocrx_word' id='word_1_119' title='bbox 753 1645 1009 1697; x_wconf 87' lang='lat' dir='ltr'>ambobus</span> <span class='ocrx_word' id='word_1_120' title='bbox 1042 1644 1198 1697; x_wconf 88' lang='lat' dir='ltr'>debet</span> <span class='ocrx_word' id='word_1_121' title='bbox 1227 1644 1398 1696; x_wconf 90' lang='lat' dir='ltr'>inesse</span> <span class='ocrx_word' id='word_1_122' title='bbox 1430 1643 1587 1696; x_wconf 89' lang='lat' dir='ltr'>calor.</span> 
     </span>
     <span class='ocr_line' id='line_1_20' title="bbox 294 1713 1692 1786; baseline -0.004 -16"><span class='ocrx_word' id='word_1_123' title='bbox 294 1746 297 1749; x_wconf 86' lang='lat'><em>-</em></span> <span class='ocrx_word' id='word_1_124' title='bbox 348 1727 513 1786; x_wconf 89' lang='lat' dir='ltr'>utque</span> <span class='ocrx_word' id='word_1_125' title='bbox 543 1717 673 1770; x_wconf 90' lang='lat' dir='ltr'>meis</span> <span class='ocrx_word' id='word_1_126' title='bbox 703 1716 935 1769; x_wconf 88' lang='lat' dir='ltr'>numeris</span> <span class='ocrx_word' id='word_1_127' title='bbox 966 1726 1058 1767; x_wconf 87' lang='lat' dir='ltr'>tua</span> <span class='ocrx_word' id='word_1_128' title='bbox 1087 1715 1177 1767; x_wconf 89' lang='lat' dir='ltr'>dat</span> <span class='ocrx_word' id='word_1_129' title='bbox 1207 1713 1456 1767; x_wconf 90' lang='lat' dir='ltr'>facundia</span> <span class='ocrx_word' id='word_1_130' title='bbox 1484 1730 1692 1775; x_wconf 90' lang='lat' dir='ltr'>nervos,</span> 
     </span>
     <span class='ocr_line' id='line_1_21' title="bbox 267 1784 1494 1844; baseline -0.007 0"><span class='ocrx_word' id='word_1_131' title='bbox 267 1805 320 1844; x_wconf 83' lang='lat'>70</span> <span class='ocrx_word' id='word_1_132' title='bbox 423 1788 496 1841; x_wconf 90' lang='lat' dir='ltr'>sic</span> <span class='ocrx_word' id='word_1_133' title='bbox 526 1788 671 1840; x_wconf 85' lang='lat' dir='ltr'>venit</span> <span class='ocrx_word' id='word_1_134' title='bbox 701 1807 732 1839; x_wconf 91' lang='lat' dir='ltr'>a</span> <span class='ocrx_word' id='word_1_135' title='bbox 760 1787 912 1839; x_wconf 89' lang='lat' dir='ltr'>nobis</span> <span class='ocrx_word' id='word_1_136' title='bbox 943 1786 998 1838; x_wconf 91' lang='lat' dir='ltr'>in</span> <span class='ocrx_word' id='word_1_137' title='bbox 1028 1796 1120 1838; x_wconf 89' lang='lat' dir='ltr'>tua</span> <span class='ocrx_word' id='word_1_138' title='bbox 1148 1786 1312 1838; x_wconf 90' lang='lat' dir='ltr'>verba</span> <span class='ocrx_word' id='word_1_139' title='bbox 1340 1784 1494 1836; x_wconf 82' lang='lat' dir='ltr'>nitor.</span> 
     </span>
     <span class='ocr_line' id='line_1_22' title="bbox 349 1856 1581 1928; baseline -0.006 -17"><span class='ocrx_word' id='word_1_140' title='bbox 349 1859 463 1912; x_wconf 90' lang='lat' dir='ltr'>iure</span> <span class='ocrx_word' id='word_1_141' title='bbox 492 1859 654 1928; x_wconf 90' lang='lat' dir='ltr'>igitur</span> <span class='ocrx_word' id='word_1_142' title='bbox 683 1857 858 1909; x_wconf 79' lang='lat' dir='ltr'>studio</span> <span class='ocrx_word' id='word_1_143' title='bbox 889 1857 1114 1909; x_wconf 90' lang='lat' dir='ltr'>confinia</span> <span class='ocrx_word' id='word_1_144' title='bbox 1145 1856 1378 1908; x_wconf 88' lang='lat' dir='ltr'>carmina</span> <span class='ocrx_word' id='word_1_145' title='bbox 1407 1862 1581 1908; x_wconf 82' lang='lat' dir='ltr'>vest-ro</span> 
     </span>
     <span class='ocr_line' id='line_1_23' title="bbox 424 1926 1400 1995; baseline -0.006 -13"><span class='ocrx_word' id='word_1_146' title='bbox 424 1939 475 1983; x_wconf 91' lang='lat' dir='ltr'>et</span> <span class='ocrx_word' id='word_1_147' title='bbox 505 1927 794 1982; x_wconf 88' lang='lat' dir='ltr'>commilitii</span> <span class='ocrx_word' id='word_1_148' title='bbox 823 1945 972 1980; x_wconf 85' lang='lat' dir='ltr'>sacra</span> <span class='ocrx_word' id='word_1_149' title='bbox 1002 1926 1199 1980; x_wconf 89' lang='lat' dir='ltr'>tuenda</span> <span class='ocrx_word' id='word_1_150' title='bbox 1228 1935 1400 1995; x_wconf 79' lang='lat' dir='ltr'>putaS.</span> 
     </span>
     <span class='ocr_line' id='line_1_24' title="bbox 350 1994 1812 2071; baseline -0.003 -18"><span class='ocrx_word' id='word_1_151' title='bbox 350 2018 445 2071; x_wconf 90' lang='lat' dir='ltr'>pro</span> <span class='ocrx_word' id='word_1_152' title='bbox 476 1999 692 2068; x_wconf 73' lang='lat' dir='ltr'>quibuS,</span> <span class='ocrx_word' id='word_1_153' title='bbox 723 2007 782 2050; x_wconf 89' lang='lat' dir='ltr'>ut</span> <span class='ocrx_word' id='word_1_154' title='bbox 811 2007 1046 2061; x_wconf 86' lang='lat' dir='ltr'>maneat,</span> <span class='ocrx_word' id='word_1_155' title='bbox 1078 1997 1143 2050; x_wconf 92' lang='lat' dir='ltr'>de</span> <span class='ocrx_word' id='word_1_156' title='bbox 1174 2015 1279 2066; x_wconf 88' lang='lat' dir='ltr'>quo</span> <span class='ocrx_word' id='word_1_157' title='bbox 1311 1995 1562 2058; x_wconf 87' lang='lat' dir='ltr'>censeris,</span> <span class='ocrx_word' id='word_1_158' title='bbox 1594 1994 1812 2058; x_wconf 77' lang='lat' dir='ltr'>amicUS,</span> 
     </span>
     <span class='ocr_line' id='line_1_25' title="bbox 425 2069 1695 2140; baseline -0.003 -17"><span class='ocrx_word' id='word_1_159' title='bbox 425 2089 750 2140; x_wconf 88' lang='lat' dir='ltr'>comprecor,</span> <span class='ocrx_word' id='word_1_160' title='bbox 783 2069 851 2121; x_wconf 89' lang='lat' dir='ltr'>ad</span> <span class='ocrx_word' id='word_1_161' title='bbox 879 2069 1021 2121; x_wconf 89' lang='lat' dir='ltr'>vitae</span> <span class='ocrx_word' id='word_1_162' title='bbox 1049 2078 1288 2137; x_wconf 88' lang='lat' dir='ltr'>tempora</span> <span class='ocrx_word' id='word_1_163' title='bbox 1319 2085 1525 2120; x_wconf 90' lang='lat' dir='ltr'>summa</span> <span class='ocrx_word' id='word_1_164' title='bbox 1554 2074 1695 2129; x_wconf 86' lang='lat' dir='ltr'>tuae,</span> 
     </span>
     <span class='ocr_line' id='line_1_26' title="bbox 269 2137 1614 2209; baseline -0.006 -12"><span class='ocrx_word' id='word_1_165' title='bbox 269 2159 320 2198; x_wconf 82' lang='lat'>75</span> <span class='ocrx_word' id='word_1_166' title='bbox 353 2142 705 2209; x_wconf 86' lang='lat' dir='ltr'>succedatque</span> <span class='ocrx_word' id='word_1_167' title='bbox 738 2140 840 2193; x_wconf 88' lang='lat' dir='ltr'>tuis</span> <span class='ocrx_word' id='word_1_168' title='bbox 871 2139 1011 2192; x_wconf 89' lang='lat' dir='ltr'>orbis</span> <span class='ocrx_word' id='word_1_169' title='bbox 1042 2139 1340 2192; x_wconf 90' lang='lat' dir='ltr'>moderator</span> <span class='ocrx_word' id='word_1_170' title='bbox 1370 2137 1614 2190; x_wconf 89' lang='lat' dir='ltr'>habenis:</span> 
     </span>
     <span class='ocr_line' id='line_1_27' title="bbox 424 2207 1667 2281; baseline -0.006 -16"><span class='ocrx_word' id='word_1_171' title='bbox 424 2213 566 2281; x_wconf 88' lang='lat' dir='ltr'>quod</span> <span class='ocrx_word' id='word_1_172' title='bbox 596 2230 805 2265; x_wconf 91' lang='lat' dir='ltr'>mecum</span> <span class='ocrx_word' id='word_1_173' title='bbox 835 2211 1018 2281; x_wconf 88' lang='lat' dir='ltr'>populi</span> <span class='ocrx_word' id='word_1_174' title='bbox 1047 2219 1171 2264; x_wconf 87' lang='lat' dir='ltr'>vota</span> <span class='ocrx_word' id='word_1_175' title='bbox 1200 2217 1481 2281; x_wconf 88' lang='lat' dir='ltr'>precantur</span> <span class='ocrx_word' id='word_1_176' title='bbox 1509 2207 1667 2260; x_wconf 85' lang='lat' dir='ltr'>idem.</span> 
     </span>
    </p>
   </div>
   <div class='ocr_carea' id='block_1_3' title="bbox 1155 2323 1254 2378">
    <p class='ocr_par' dir='ltr' id='par_1_3' title="bbox 1155 2323 1254 2378">
     <span class='ocr_line' id='line_1_28' title="bbox 1155 2323 1254 2378; baseline -0.04 0"><span class='ocrx_word' id='word_1_177' title='bbox 1155 2323 1254 2378; x_wconf 89' lang='lat' dir='ltr'>VI.</span> 
     </span>
    </p>
   </div>
   <div class='ocr_carea' id='block_1_4' title="bbox 241 2417 2059 3553">
    <p class='ocr_par' dir='ltr' id='par_1_4' title="bbox 241 2417 2059 3553">
     <span class='ocr_line' id='line_1_29' title="bbox 354 2417 2059 2492; baseline -0.005 -14"><span class='ocrx_word' id='word_1_178' title='bbox 354 2424 602 2478; x_wconf 89' lang='lat' dir='ltr'>Carmine</span> <span class='ocrx_word' id='word_1_179' title='bbox 628 2424 969 2486; x_wconf 87' lang='lat' dir='ltr'>Graecinum,</span> <span class='ocrx_word' id='word_1_180' title='bbox 1000 2423 1091 2491; x_wconf 92' lang='lat' dir='ltr'>qui</span> <span class='ocrx_word' id='word_1_181' title='bbox 1119 2440 1368 2492; x_wconf 89' lang='lat' dir='ltr'>praesens</span> <span class='ocrx_word' id='word_1_182' title='bbox 1398 2439 1527 2474; x_wconf 91' lang='lat' dir='ltr'>voce</span> <span class='ocrx_word' id='word_1_183' title='bbox 1560 2420 1777 2481; x_wconf 88' lang='lat' dir='ltr'>solebat,</span> <span class='ocrx_word' id='word_1_184' title='bbox 1841 2417 1932 2461; x_wconf 78' lang='lat' dir='ltr'>GR</span> <span class='ocrx_word' id='word_1_185' title='bbox 1943 2418 1977 2460; x_wconf 85' lang='grc' dir='ltr'><em>Α</em></span> <span class='ocrx_word' id='word_1_186' title='bbox 1992 2417 2059 2459; x_wconf 85' lang='grc' dir='ltr'>Ε-</span> 
     </span>
     <span class='ocr_line' id='line_1_30' title="bbox 424 2475 2043 2559; baseline -0.005 -11"><span class='ocrx_word' id='word_1_187' title='bbox 424 2496 585 2548; x_wconf 88' lang='lat' dir='ltr'>tristis</span> <span class='ocrx_word' id='word_1_188' title='bbox 617 2496 684 2548; x_wconf 87' lang='lat' dir='ltr'>ab</span> <span class='ocrx_word' id='word_1_189' title='bbox 714 2495 941 2547; x_wconf 86' lang='lat' dir='ltr'>Euxinis</span> <span class='ocrx_word' id='word_1_190' title='bbox 971 2494 1117 2546; x_wconf 86' lang='lat' dir='ltr'>Naso</span> <span class='ocrx_word' id='word_1_191' title='bbox 1148 2494 1341 2545; x_wconf 88' lang='lat' dir='ltr'>salutat</span> <span class='ocrx_word' id='word_1_192' title='bbox 1371 2492 1538 2559; x_wconf 88' lang='lat' dir='ltr'>aquis.</span> <span class='ocrx_word' id='word_1_193' title='bbox 1855 2475 1927 2518; x_wconf 71' lang='lat' dir='ltr'>CI</span> <span class='ocrx_word' id='word_1_194' title='bbox 1932 2475 1986 2516; x_wconf 85' lang='lat' dir='ltr'><em>N</em></span> <span class='ocrx_word' id='word_1_195' title='bbox 1992 2475 2043 2517; x_wconf 72' lang='grc' dir='ltr'>Ο·</span> 
     </span>
     <span class='ocr_line' id='line_1_31' title="bbox 354 2562 1844 2633; baseline -0.005 -13"><span class='ocrx_word' id='word_1_196' title='bbox 354 2567 521 2620; x_wconf 86' lang='lat' dir='ltr'>exulis</span> <span class='ocrx_word' id='word_1_197' title='bbox 553 2566 685 2619; x_wconf 86' lang='lat' dir='ltr'>haec</span> <span class='ocrx_word' id='word_1_198' title='bbox 721 2584 819 2617; x_wconf 87' lang='lat' dir='ltr'>vox</span> <span class='ocrx_word' id='word_1_199' title='bbox 851 2574 952 2618; x_wconf 87' lang='lat' dir='ltr'>est:</span> <span class='ocrx_word' id='word_1_200' title='bbox 984 2564 1202 2633; x_wconf 86' lang='lat' dir='ltr'>praebet</span> <span class='ocrx_word' id='word_1_201' title='bbox 1230 2562 1359 2615; x_wconf 93' lang='lat' dir='ltr'>mihi</span> <span class='ocrx_word' id='word_1_202' title='bbox 1388 2563 1560 2615; x_wconf 89' lang='lat' dir='ltr'>littera</span> <span class='ocrx_word' id='word_1_203' title='bbox 1588 2562 1844 2631; x_wconf 89' lang='lat' dir='ltr'>linguam,</span> 
     </span>
     <span class='ocr_line' id='line_1_32' title="bbox 426 2635 1495 2696; baseline -0.004 -7"><span class='ocrx_word' id='word_1_204' title='bbox 426 2647 478 2690; x_wconf 88' lang='lat' dir='ltr'>et</span> <span class='ocrx_word' id='word_1_205' title='bbox 508 2637 551 2689; x_wconf 91' lang='lat' dir='ltr'>si</span> <span class='ocrx_word' id='word_1_206' title='bbox 581 2655 687 2689; x_wconf 92' lang='lat' dir='ltr'>non</span> <span class='ocrx_word' id='word_1_207' title='bbox 715 2637 870 2689; x_wconf 87' lang='lat' dir='ltr'>liceat</span> <span class='ocrx_word' id='word_1_208' title='bbox 901 2635 1151 2696; x_wconf 90' lang='lat' dir='ltr'>scribere,</span> <span class='ocrx_word' id='word_1_209' title='bbox 1183 2643 1359 2686; x_wconf 87' lang='lat' dir='ltr'>mutus</span> <span class='ocrx_word' id='word_1_210' title='bbox 1390 2652 1495 2686; x_wconf 77' lang='lat' dir='ltr'>ero·</span> 
     </span>
     <span class='ocr_line' id='line_1_33' title="bbox 241 2703 1548 2777; baseline -0.005 -14"><span class='ocrx_word' id='word_1_211' title='bbox 241 2723 243 2725; x_wconf 82' lang='grc'><strong>’</strong></span> <span class='ocrx_word' id='word_1_212' title='bbox 298 2727 323 2766; x_wconf 91' lang='lat'>5</span> <span class='ocrx_word' id='word_1_213' title='bbox 356 2707 596 2777; x_wconf 90' lang='lat' dir='ltr'>corripis,</span> <span class='ocrx_word' id='word_1_214' title='bbox 626 2716 686 2760; x_wconf 86' lang='lat' dir='ltr'>ut</span> <span class='ocrx_word' id='word_1_215' title='bbox 716 2707 899 2769; x_wconf 86' lang='lat' dir='ltr'>debes,</span> <span class='ocrx_word' id='word_1_216' title='bbox 931 2706 1076 2759; x_wconf 91' lang='lat' dir='ltr'>stulti</span> <span class='ocrx_word' id='word_1_217' title='bbox 1105 2714 1324 2775; x_wconf 90' lang='lat' dir='ltr'>peccata</span> <span class='ocrx_word' id='word_1_218' title='bbox 1354 2703 1548 2757; x_wconf 87' lang='lat' dir='ltr'>sodalis</span> 
     </span>
     <span class='ocr_line' id='line_1_34' title="bbox 426 2775 1594 2844; baseline -0.003 -13"><span class='ocrx_word' id='word_1_219' title='bbox 426 2788 476 2832; x_wconf 92' lang='lat' dir='ltr'>et</span> <span class='ocrx_word' id='word_1_220' title='bbox 506 2779 646 2831; x_wconf 90' lang='lat' dir='ltr'>mala</span> <span class='ocrx_word' id='word_1_221' title='bbox 674 2797 759 2831; x_wconf 92' lang='lat' dir='ltr'>me</span> <span class='ocrx_word' id='word_1_222' title='bbox 788 2777 987 2830; x_wconf 87' lang='lat' dir='ltr'>meritis</span> <span class='ocrx_word' id='word_1_223' title='bbox 1017 2776 1155 2829; x_wconf 89' lang='lat' dir='ltr'>ferre</span> <span class='ocrx_word' id='word_1_224' title='bbox 1186 2776 1390 2828; x_wconf 89' lang='lat' dir='ltr'>minora</span> <span class='ocrx_word' id='word_1_225' title='bbox 1420 2775 1594 2844; x_wconf 78' lang='lat' dir='ltr'>doces.</span> 
     </span>
     <span class='ocr_line' id='line_1_35' title="bbox 353 2846 1646 2916; baseline -0.003 -14"><span class='ocrx_word' id='word_1_226' title='bbox 353 2869 480 2904; x_wconf 89' lang='lat' dir='ltr'>vera</span> <span class='ocrx_word' id='word_1_227' title='bbox 509 2849 663 2912; x_wconf 78' lang='lat' dir='ltr'>faciS,</span> <span class='ocrx_word' id='word_1_228' title='bbox 695 2849 788 2901; x_wconf 89' lang='lat' dir='ltr'>sed</span> <span class='ocrx_word' id='word_1_229' title='bbox 819 2868 958 2911; x_wconf 89' lang='lat' dir='ltr'>sera,</span> <span class='ocrx_word' id='word_1_230' title='bbox 988 2866 1138 2901; x_wconf 88' lang='lat' dir='ltr'>meae</span> <span class='ocrx_word' id='word_1_231' title='bbox 1170 2846 1406 2899; x_wconf 89' lang='lat' dir='ltr'>convicia</span> <span class='ocrx_word' id='word_1_232' title='bbox 1437 2847 1646 2916; x_wconf 87' lang='lat' dir='ltr'>culpae:</span> 
     </span>
     <span class='ocr_line' id='line_1_36' title="bbox 426 2918 1447 2991; baseline -0.004 -18"><span class='ocrx_word' id='word_1_233' title='bbox 426 2940 612 2991; x_wconf 85' lang='lat' dir='ltr'>aspera</span> <span class='ocrx_word' id='word_1_234' title='bbox 642 2920 891 2975; x_wconf 77' lang='lat' dir='ltr'>confesso,</span> <span class='ocrx_word' id='word_1_235' title='bbox 913 2919 1075 2972; x_wconf 87' lang='lat' dir='ltr'>verba</span> <span class='ocrx_word' id='word_1_236' title='bbox 1104 2918 1310 2971; x_wconf 87' lang='lat' dir='ltr'>remitte</span> <span class='ocrx_word' id='word_1_237' title='bbox 1340 2935 1447 2971; x_wconf 87' lang='lat' dir='ltr'>rec.</span> 
     </span>
     <span class='ocr_line' id='line_1_37' title="bbox 355 2987 1631 3061; baseline -0.004 -17"><span class='ocrx_word' id='word_1_238' title='bbox 355 3010 476 3044; x_wconf 91' lang='lat' dir='ltr'>cum</span> <span class='ocrx_word' id='word_1_239' title='bbox 506 3000 745 3061; x_wconf 88' lang='lat' dir='ltr'>poteram</span> <span class='ocrx_word' id='word_1_240' title='bbox 774 2999 917 3044; x_wconf 89' lang='lat' dir='ltr'>recto</span> <span class='ocrx_word' id='word_1_241' title='bbox 948 2990 1166 3042; x_wconf 86' lang='lat' dir='ltr'>transire</span> <span class='ocrx_word' id='word_1_242' title='bbox 1199 2987 1467 3042; x_wconf 82' lang='lat' dir='ltr'>Ceraunia</span> <span class='ocrx_word' id='word_1_243' title='bbox 1496 2987 1631 3050; x_wconf 88' lang='lat' dir='ltr'>ve10,</span> 
     </span>
     <span class='ocr_line' id='line_1_38' title="bbox 271 3059 1573 3126; baseline -0.006 -7"><span class='ocrx_word' id='word_1_244' title='bbox 271 3080 324 3119; x_wconf 90' lang='lat'>10</span> <span class='ocrx_word' id='word_1_245' title='bbox 379 3113 382 3116; x_wconf 16' lang='grc' dir='ltr'><strong>Α</strong></span> <span class='ocrx_word' id='word_1_246' title='bbox 425 3072 484 3114; x_wconf 88' lang='lat' dir='ltr'>ut</span> <span class='ocrx_word' id='word_1_247' title='bbox 514 3062 626 3115; x_wconf 90' lang='lat' dir='ltr'>fera</span> <span class='ocrx_word' id='word_1_248' title='bbox 656 3063 1057 3123; x_wconf 84' lang='lat' dir='ltr'>vitaremsaxa,</span> <span class='ocrx_word' id='word_1_249' title='bbox 1088 3059 1382 3126; x_wconf 88' lang='lat' dir='ltr'>monendus</span> <span class='ocrx_word' id='word_1_250' title='bbox 1413 3077 1573 3126; x_wconf 87' lang='lat' dir='ltr'>eram.</span> 
     </span>
     <span class='ocr_line' id='line_1_39' title="bbox 353 3125 1779 3202; baseline -0.004 -17"><span class='ocrx_word' id='word_1_251' title='bbox 353 3152 494 3186; x_wconf 92' lang='lat' dir='ltr'>nunc</span> <span class='ocrx_word' id='word_1_252' title='bbox 524 3132 652 3184; x_wconf 90' lang='lat' dir='ltr'>mihi</span> <span class='ocrx_word' id='word_1_253' title='bbox 682 3132 960 3202; x_wconf 87' lang='lat' dir='ltr'>naufragio</span> <span class='ocrx_word' id='word_1_254' title='bbox 991 3130 1120 3199; x_wconf 89' lang='lat' dir='ltr'>quid</span> <span class='ocrx_word' id='word_1_255' title='bbox 1149 3129 1363 3200; x_wconf 85' lang='lat' dir='ltr'>prodest</span> <span class='ocrx_word' id='word_1_256' title='bbox 1393 3129 1592 3182; x_wconf 87' lang='lat' dir='ltr'>discere</span> <span class='ocrx_word' id='word_1_257' title='bbox 1623 3125 1779 3190; x_wconf 87' lang='lat' dir='ltr'>fact0,</span> 
     </span>
     <span class='ocr_line' id='line_1_40' title="bbox 427 3199 1555 3271; baseline -0.005 -15"><span class='ocrx_word' id='word_1_258' title='bbox 427 3222 531 3271; x_wconf 87' lang='lat' dir='ltr'>qua</span> <span class='ocrx_word' id='word_1_259' title='bbox 561 3223 678 3255; x_wconf 90' lang='lat' dir='ltr'>mea</span> <span class='ocrx_word' id='word_1_260' title='bbox 709 3202 948 3256; x_wconf 86' lang='lat' dir='ltr'>debuerit</span> <span class='ocrx_word' id='word_1_261' title='bbox 979 3220 1185 3254; x_wconf 89' lang='lat' dir='ltr'>currere</span> <span class='ocrx_word' id='word_1_262' title='bbox 1216 3201 1408 3253; x_wconf 88' lang='lat' dir='ltr'>cumba</span> <span class='ocrx_word' id='word_1_263' title='bbox 1438 3199 1555 3251; x_wconf 85' lang='lat' dir='ltr'>via?</span> 
     </span>
     <span class='ocr_line' id='line_1_41' title="bbox 354 3269 1651 3341; baseline -0.005 -15"><span class='ocrx_word' id='word_1_264' title='bbox 354 3274 600 3326; x_wconf 83' lang='lat' dir='ltr'>bracchia</span> <span class='ocrx_word' id='word_1_265' title='bbox 631 3275 699 3326; x_wconf 85' lang='lat' dir='ltr'>da</span> <span class='ocrx_word' id='word_1_266' title='bbox 726 3275 864 3326; x_wconf 88' lang='lat' dir='ltr'>lasso</span> <span class='ocrx_word' id='word_1_267' title='bbox 893 3272 1068 3341; x_wconf 89' lang='lat' dir='ltr'>potius</span> <span class='ocrx_word' id='word_1_268' title='bbox 1099 3270 1405 3340; x_wconf 89' lang='lat' dir='ltr'>prendenda</span> <span class='ocrx_word' id='word_1_269' title='bbox 1433 3269 1651 3331; x_wconf 87' lang='lat' dir='ltr'>natanti,</span> 
     </span>
     <span class='ocr_line' id='line_1_42' title="bbox 426 3342 1571 3413; baseline -0.004 -17"><span class='ocrx_word' id='word_1_270' title='bbox 426 3362 523 3397; x_wconf 92' lang='lat' dir='ltr'>nec</span> <span class='ocrx_word' id='word_1_271' title='bbox 553 3345 731 3413; x_wconf 82' lang='lat' dir='ltr'>pigeat</span> <span class='ocrx_word' id='word_1_272' title='bbox 760 3352 937 3397; x_wconf 89' lang='lat' dir='ltr'>mento</span> <span class='ocrx_word' id='word_1_273' title='bbox 968 3342 1308 3411; x_wconf 89' lang='lat' dir='ltr'>supposuisse</span> <span class='ocrx_word' id='word_1_274' title='bbox 1340 3359 1571 3393; x_wconf 89' lang='lat' dir='ltr'>manum.</span> 
     </span>
     <span class='ocr_line' id='line_1_43' title="bbox 273 3411 1837 3483; baseline -0.006 -12"><span class='ocrx_word' id='word_1_275' title='bbox 273 3433 324 3471; x_wconf 87' lang='lat'>15</span> <span class='ocrx_word' id='word_1_276' title='bbox 354 3416 514 3483; x_wconf 88' lang='lat' dir='ltr'>idque</span> <span class='ocrx_word' id='word_1_277' title='bbox 545 3415 698 3476; x_wconf 60' lang='lat' dir='ltr'>facis»,</span> <span class='ocrx_word' id='word_1_278' title='bbox 730 3413 999 3481; x_wconf 85' lang='lat' dir='ltr'>faciasque</span> <span class='ocrx_word' id='word_1_279' title='bbox 1030 3426 1229 3481; x_wconf 89' lang='lat' dir='ltr'>precor.</span> <span class='ocrx_word' id='word_1_280' title='bbox 1304 3411 1379 3464; x_wconf 91' lang='lat' dir='ltr'>sic</span> <span class='ocrx_word' id='word_1_281' title='bbox 1407 3419 1575 3463; x_wconf 90' lang='lat' dir='ltr'>mater</span> <span class='ocrx_word' id='word_1_282' title='bbox 1606 3418 1657 3464; x_wconf 89' lang='lat' dir='ltr'>et</span> <span class='ocrx_word' id='word_1_283' title='bbox 1687 3428 1837 3475; x_wconf 84' lang='lat' dir='ltr'>uxor,</span> 
     </span>
     <span class='ocr_line' id='line_1_44' title="bbox 427 3480 1637 3553; baseline -0.002 -15"><span class='ocrx_word' id='word_1_284' title='bbox 427 3486 502 3539; x_wconf 91' lang='lat' dir='ltr'>sic</span> <span class='ocrx_word' id='word_1_285' title='bbox 531 3485 627 3538; x_wconf 87' lang='lat' dir='ltr'>tibi</span> <span class='ocrx_word' id='word_1_286' title='bbox 656 3484 758 3538; x_wconf 88' lang='lat' dir='ltr'>sint</span> <span class='ocrx_word' id='word_1_287' title='bbox 788 3484 974 3538; x_wconf 88' lang='lat' dir='ltr'>fratres</span> <span class='ocrx_word' id='word_1_288' title='bbox 1005 3492 1220 3553; x_wconf 89' lang='lat' dir='ltr'>totaque</span> <span class='ocrx_word' id='word_1_289' title='bbox 1251 3482 1397 3536; x_wconf 87' lang='lat' dir='ltr'>salva</span> <span class='ocrx_word' id='word_1_290' title='bbox 1427 3480 1637 3535; x_wconf 88' lang='lat' dir='ltr'>domus:</span> 
     </span>
    </p>
   </div>
  </div>
 </body>
</html>
