2158 3906
437 304 509 356 36
774 272 778 276 -
998 311 1052 354 Ρ.
1087 309 1293 355 OVIDII
1323 309 1593 355 NASONIS

328 435 413 474 775
447 426 506 469 ut
538 416 668 468 solet
699 434 730 466 a
759 430 952 482 magno
983 412 1173 463 fluctus
1205 412 1544 480 languescere
1574 412 1718 473 flatu,

518 486 611 539 sed
642 496 818 536 tamen
850 503 880 534 a
911 492 1092 544 vento,
1123 482 1215 550 qui
1244 482 1368 544 fuit,
1398 482 1542 534 unda
1572 493 1761 534 tumet:

446 558 543 618 sic,
576 555 815 623 quamvis
847 553 1028 605 aberat
1058 553 1280 622 placitae
1311 552 1606 623 praesentia
1636 553 1855 614 formae,

516 645 671 694 quem
705 625 918 677 dederat
948 643 1195 692 praesens
1226 624 1420 687 forma,
1451 624 1699 693 manebat
1729 642 1891 675 amor.

445 698 593 749 ardet
625 706 674 747 et
705 695 882 746 iniusti
916 695 1136 761 stimulis
1168 695 1396 764 agitatur
1427 695 1634 746 amoris.

331 789 413 827 780
515 776 784 835 comparat
813 765 1030 834 indigno
1063 766 1273 833 vimque
1304 766 1587 833 dolumque
1619 778 1748 817 tor0.

444 838 614 891 exitus
645 837 698 887 in
730 836 892 888 dubio
924 845 1020 889 est.
1096 836 1431 889 ‘audebimus
1461 836 1694 888 ultimal’
1729 836 1883 887 dixit:

515 907 748 960 ‘videritl
781 908 1035 959 audentes
1067 907 1281 976 forsque
1312 908 1548 975 deusque
1579 907 1740 958 iuvat.

444 979 678 1048 cepimus
711 978 954 1030 audendo
987 977 1190 1032 Gabios
1221 978 1464 1047 quoque?
1539 977 1665 1029 talia
1695 978 1835 1029 fatus

516 1069 639 1102 ense
670 1050 806 1101 latus
839 1049 1001 1101 cinxit
1032 1059 1284 1119 tergaque
1315 1049 1504 1118 pressit
1524 1048 1672 1116 equi.

330 1140 412 1179 785
445 1121 634 1190 accipit
665 1130 842 1172 aerata
871 1121 1116 1172 iuvenem
1149 1118 1377 1172 Collatia
1407 1129 1575 1189 porta,

518 1191 787 1244 condere
773 1211 879 1243 1am
910 1192 1083 1244 voltus
1115 1192 1222 1244 sole
1252 1203 1470 1261 parante
1501 1210 1640 1243 suos,

443 1261 609 1315 hostis
640 1271 700 1314 ut
729 1262 921 1332 hospes
952 1262 1047 1314 init
1078 1262 1366 1332 penetralia
1399 1260 1670 1314 Collatini.

516 1333 733 1386 comiter
763 1333 1035 1402 excipitur.
1111 1333 1368 1402 sanguine
1397 1333 1606 1385 iunctus
1637 1340 1763 1384 erat.

445 1415 701 1472 quantum
731 1405 915 1457 animis
947 1405 1134 1457 erroris
1165 1403 1322 1456 inest!
1355 1414 1506 1473 parat
1536 1404 1701 1456 inscia
1730 1422 1908 1455 rerum

334 1494 416 1534 790
518 1475 702 1528 infelix
733 1476 915 1544 epulas
945 1475 1184 1527 hostibus
1214 1475 1303 1527 illa
1333 1475 1458 1527 suis.

445 1545 657 1598 functus
689 1556 799 1598 erat
832 1546 1072 1615 dapibus,
1147 1556 1370 1615 poscunt
1401 1565 1496 1597 sua
1526 1556 1765 1615 tempora
1797 1562 2057 1598 somnum.
2111 1583 2114 1591 ,

516 1636 622 1669 nox
654 1627 786 1679 erat,
819 1627 869 1670 et
899 1627 1009 1669 tota
1038 1618 1239 1669 lumina
1268 1617 1412 1668 nulla
1443 1617 1614 1668 domo.

445 1688 612 1758 surgit
641 1698 693 1740 et
725 1699 907 1740 aurata
938 1689 1130 1757 vagina
1160 1688 1347 1740 liberat
1378 1706 1557 1740 ensem

518 1770 569 1811 et
599 1759 741 1811 venit
771 1760 826 1811 in
856 1759 1139 1820 thalamos,
1170 1769 1334 1828 nupta
1364 1759 1580 1828 pudica,
1613 1767 1748 1810 tuos.

332 1848 413 1886 795
445 1838 607 1898 utque
638 1839 811 1882 torum
842 1831 1054 1899 pressit,
1085 1831 1330 1892 ‘ferrum‚
1362 1830 1637 1891 Lucretia,
1669 1847 1878 1882 mecum
1910 1828 2011 1882 estl

516 1902 693 1952 natus’
727 1902 799 1953 ait
830 1902 992 1970 ‘regis
1023 1901 1450 1969 Tarquiniusque
1480 1900 1698 1967 loquor.'

444 1972 535 2024 illa
564 1972 717 2024 nihil:
749 1991 920 2040 neque
951 1972 1091 2024 enim
1122 1991 1305 2024 vocem
1336 1972 1578 2039 viresque
1608 1972 1860 2038 loquendi

517 2053 609 2095 aut
639 2043 837 2110 aliquid
868 2052 978 2095 toto
1008 2054 1218 2112 pectore
1249 2043 1438 2095 mentis
1468 2042 1643 2094 habet.

446 2115 538 2167 sed
568 2114 766 2176 tremit,
797 2115 1153 2181 ut-quondam
1185 2114 1404 2166 stabulis
1436 2113 1694 2183 deprensa
1723 2113 1916 2165 relictis

326 2202 416 2246 (800
518 2204 682 2255 parva
713 2185 811 2237 sub
842 2185 1033 2237 infesto
1065 2204 1185 2237 cum
1215 2185 1349 2238 iacet
1381 2204 1520 2254 agna
1549 2185 1691 2253 lupo.

446 2257 575 2325 quid
604 2256 792 2308 faciat?
822 2257 1054 2325 pugnet?
1086 2256 1324 2308 vincetur
1351 2257 1548 2308 femina
1579 2274 1841 2324 pugnans·

518 2328 739 2378 clamet?
770 2337 823 2378 at
852 2327 907 2378 in
938 2327 1147 2388 dextra,
1179 2327 1271 2394 qui
1300 2336 1464 2388 vetet,
1496 2327 1633 2378 ensis
1665 2335 1791 2378 erat.

448 2398 699 2466 effugiat?
730 2396 914 2479 positis
945 2410 1199 2466 urgentur
1228 2407 1441 2466 pectora
1470 2397 1675 2466 palmis,

512 2479 644 2520 tunc
674 2469 901 2537 primum
928 2480 1147 2520 externa
1178 2478 1391 2537 pectora
1422 2477 1561 2519 tacta
1591 2487 1767 2519 manu.

334 2556 416 2595 805
447 2539 605 2591 instat
637 2559 817 2591 amans
849 2539 1012 2590 hostis
1043 2539 1288 2608 precibus
1318 2539 1591 2608 pretioque
1622 2538 1905 2606 minisque:

519 2629 616 2662 nec
647 2629 801 2678 piece
833 2629 929 2662 nec
949 2610 1127 2679 pretio
1157 2628 1254 2661 nec
1285 2619 1461 2662 move-t
1491 2610 1577 2661 ille
1608 2610 1777 2661 miniS.

449 2681 546 2733 ‘nil
578 2680 714 2750 agis!
748 2681 985 2749 eripiam'
1019 2681 1194 2732 dixit‘
1208 2700 1301 2749 per
1331 2681 1549 2732 crimina
1578 2680 1764 2732 vitam:

518 2752 682 2803 falsus
714 2752 955 2804 adulterii
986 2752 1128 2804 testis
1161 2753 1365 2804 adulter
1395 2770 1499 2804 eino

446 2823 741 2875 interimam
772 2823 1054 2885 famulum,
1086 2842 1206 2875 cum
1237 2841 1342 2890 quo
1374 2823 1630 2892 deprensa
1662 2822 1876 2899 fereris?

333 2910 417 2949 810
520 2894 798 2946 succubuit
826 2895 999 2946 famae
1030 2894 1170 2946 victa
1200 2894 1375 2963 puella
1403 2904 1564 2946 metu·

448 2965 600 3033 quid,
633 2965 821 3027 victor,
853 2966 1087 3035 gaudes?
1117 2965 1247 3018 haec
1277 2974 1328 3024 te
1361 2965 1577 3018 victoria
1606 2964 1807 3034 perdet.

519 3035 623 3088 heu
654 3046 850 3103 quanto
882 3037 1058 3106 regnis
1088 3054 1195 3088 nox
1224 3036 1368 3088 stetit
1395 3055 1502 3088 una
1532 3035 1659 3088 tuis!
1746 3031 1779 3064 ⁶

446 3106 657 3174 iamque
690 3118 800 3159 eiat
831 3118 942 3159 orta
939 3082 1100 3160 odies·
1173 3106 1340 3189 passis
1374 3107 1521 3160 sedet
1549 3107 1639 3159 illa
1669 3106 1886 3175 capillis,

357 3225 360 3228 ,
518 3188 577 3228 ut
608 3178 739 3229 solet
770 3178 856 3229 ad
866 3178 975 3229 nati
1005 3188 1173 3229 mater
1202 3179 1338 3229 itura
1367 3195 1573 3247 rogum,

254 3293 257 3295 μ
335 3264 416 3303 815
447 3247 914 3318 grandaevumque
942 3247 1158 3329 patrem
1179 3248 1284 3299 fido
1315 3266 1435 3300 cum
1467 3248 1691 3317 coniuge
1724 3246 1906 3300 castris

521 3327 728 3371 evocat:
762 3327 812 3370 et
842 3319 1012 3387 posita
1043 3318 1186 3371 venit
1216 3328 1435 3386 uterque
1456 3318 1626 3391 mora.

449 3399 610 3457 utque
642 3389 821 3442 vident
850 3389 1114 3452 habitum,
1146 3407 1280 3457 quae
1311 3390 1482 3442 luctus
1515 3389 1697 3450 eausa,
1729 3390 2020 3459 requirunt,

522 3460 607 3513 cui
637 3474 791 3530 paret·
815 3460 1085 3528 exequiaS,
1116 3478 1287 3528 quove
1320 3461 1385 3521 sit
1412 3460 1716 3514 ictavmalo?
