2158 3906
544 331 892 378 FASTORUM
920 331 1042 376 LIB.
1075 331 1157 377 VI.
1190 331 1428 378 605—692.
1508 351 1513 358 ·
1738 322 1841 375 113

130 434 295 491 Nulla
323 441 449 486 nota
479 442 556 486 est
589 434 829 487 veniente
861 433 962 496 die,
994 451 1151 501 quam
1176 433 1349 487 dicere
1372 432 1556 503 possis.
1592 430 1664 498 1?-
1701 434 1800 477 CN

204 503 388 558 Idibus
419 503 626 557 Invicto
658 513 779 557 sunt
811 505 934 557 data
964 504 1162 574 templa
1189 504 1323 556 Iovi.
1586 488 1658 531 1²5·
1677 489 1725 532 D
1744 490 1874 533 EID
1887 490 1963 533 'N

131 584 187 630 et
215 575 320 628 iam
354 573 722 643 Quinquatrus
753 575 938 628 iubeor
967 594 1178 628 narrare
1209 575 1453 629 minores.
1872 593 1951 632 651

203 663 343 699 nunc
374 644 500 699 ades
531 662 562 697 o
594 646 816 715 coeptis,
846 646 985 698 flava
1014 645 1283 708 Minerva,
1315 645 1468 700 meisi

131 721 254 771 ‘cur
282 734 451 786 vagus
480 715 676 769 incedit
708 725 818 768 tota
848 716 1042 769 tibicen
1072 716 1126 768 in
1158 717 1319 770 urbe?

204 785 333 856 quid
362 785 463 839 sibi
492 804 772 857 personae,
803 787 931 855 quid
962 787 1097 839 stola
1125 788 1285 857 longa
1316 787 1552 841 voluntP’

132 857 208 912 sic
239 875 363 927 eg03
396 857 470 911 sic
500 858 671 927 posita
701 857 943 910 Tritonia
974 858 1191 928 cuspide
1223 858 1353 910 dixit
1870 876 1954 916 655

202 927 424 999 (possim
453 928 653 981 utinam
685 928 869 982 doctae
901 929 1062 982 verba
1093 928 1286 982 referre
1319 929 1496 998 deae):

130 999 482 1070 ‘temporibus
513 1008 751 1053 veterum
781 999 1008 1052 tibicinis
1039 1018 1167 1052 usus
1197 1018 1415 1052 avorum

201 1089 287 1123 ma
329 1088 427 1123 nus
458 1078 510 1123 et
539 1069 593 1123 in
623 1089 817 1140 magno
848 1089 1055 1152 semper
1084 1070 1282 1124 honore
1312 1070 1427 1123 fuit.

128 1149 285 1195 canta
326 1150 380 1193 at
409 1140 570 1204 fanis,
603 1141 850 1194 cantabat
880 1141 1007 1194 tib1a
1037 1141 1192 1203 ludis,

203 1211 449 1265 cantabat
478 1212 689 1264 maestis
721 1211 850 1264 tibia
879 1211 1169 1263 funeribus.
1870 1230 1955 1271 660

129 1281 300 1336 dulcis
330 1290 441 1335 erat
469 1282 710 1335 mercede
740 1281 904 1334 labor.
980 1291 1294 1351 tempusque
1326 1293 1582 1343 secutum,

201 1352 345 1421 quod
375 1351 550 1405 subito
583 1361 762 1405 ‹rr-atae
792 1351 1057 1421 frangeret
1089 1351 1213 1404 artis
1244 1369 1377 1421 opus
1405 1389 1573 1405 .....

127 1422 265 1477 adde
296 1422 438 1492 quod
467 1422 584 1476 aedi
606 1423 673 1485 is,
706 1438 953 1492 pompam
983 1422 1075 1491 qui
1105 1422 1305 1475 funeris
1335 1422 1486 1484 irent,

203 1493 427 1547 artifices
457 1493 594 1546 solos
623 1493 846 1546 iusserat
877 1512 991 1546 esse
1022 1492 1220 1546 decem.

0 1606 1 1630 3
129 1564 286 1620 exilio
315 1573 521 1618 mutant
550 1563 736 1617 urbem
768 1563 1042 1633 Tiburque
1073 1563 1342 1617 recedunt.
1870 1582 1954 1621 665

0 1665 2 1719 ἰ
200 1634 415 1689 exilium
445 1634 674 1704 quodam
706 1643 940 1705 tempore
971 1634 1141 1687 Tibur
1171 1634 1305 1687 erati

0 1723 1 1734 ¹
130 1706 399 1776 quaeritur
426 1705 482 1759 in
512 1723 704 1759 scaena
734 1724 866 1759 cava
895 1705 1047 1768 tibia,
1079 1706 1351 1775 quaeritur
1381 1706 1483 1760 aris
1493 1726 1507 1769 3

142 1792 145 1794 “
200 1777 344 1831 ducit
374 1794 646 1847 supremos
677 1776 867 1830 naenia
896 1776 1042 1829 nulla
1074 1786 1231 1829 toros·

121 1848 380 1902 servierat
407 1847 648 1917 quidam,
679 1847 1006 1916 quantolibet
1037 1848 1218 1901 ordine
1250 1847 1460 1918 dignus,

197 1918 397 1972 Tibure
408 1939 422 1982 ;
455 1918 549 1972 sed
577 1918 737 1988 longo
768 1930 1004 1989 tempore
1035 1918 1168 1972 liber
1198 1930 1325 1972 erat.
1867 1937 1953 1976 670

127 2008 249 2043 rure
279 1990 442 2060 dapes
472 1997 624 2060 parat
652 1989 739 2043 ille
770 2007 866 2042 suo
897 1989 1212 2058 turbamque
1244 2009 1490 2043 canoram

199 2069 479 2114 convocat:
511 2059 580 2113 ad
608 2059 770 2115 festas
801 2060 1044 2113 convenit
1074 2061 1163 2113 illa
1194 2061 1373 2131 dapes.

127 2147 235 2184 nox
265 2139 401 2192 erat,
433 2139 486 2184 et
515 2130 651 2184 vinis
682 2130 927 2199 oculique
959 2131 1225 2200 animique
1256 2132 1526 2195 natabant,

200 2220 320 2255 cum
353 2201 772 2272 praecomposito
802 2201 1018 2254 nuntius
1050 2219 1139 2255 ore
1171 2202 1314 2255 venit

111 2281 286 2342 'atque
315 2272 389 2324 ita
420 2272 589 2341 “quid
619 2291 792 2326 cessas
823 2272 1066 2325 convivia
1097 2272 1371 2326 solvere?'’
1404 2273 1557 2326 dixit:
1866 2291 1948 2331 675

198 2348 425 2396 “auctor
454 2343 715 2397 vindictae
745 2344 850 2396 iam
883 2343 1025 2396 venit
1057 2361 1178 2396 ecce
1210 2343 1383 2397 tuae.’'

124 2432 223 2468 nec
252 2430 422 2476 mora,
453 2413 707 2468 convivae
738 2414 912 2467 valido
942 2414 1224 2466 titubantia
1255 2414 1377 2467 vino

195 2484 433 2538 membra
461 2495 690 2538 movent.
766 2485 913 2537 dubii
945 2495 1189 2553 stantque
1220 2485 1504 2554 labantque
1536 2486 1714 2556 pedes.

127 2567 182 2609 at
210 2555 452 2608 dominus
484 2555 844 2609 “disceditel”
878 2556 971 2618 ait,
1040 2556 1343 2625 laustroque
1374 2569 1638 2610 morantes

198 2626 422 2679 sustulit.
495 2626 551 2679 in
579 2627 813 2697 plaustro
845 2575 1047 2697 scirpga
1078 2628 1185 2679 lata
1215 2627 1331 2680 fuit.
1865 2646 1949 2685 680

125 2696 360 2750 alliciunt
390 2715 601 2750 somnos
631 2706 839 2768 tempus
869 2709 1148 2767 motusque
1180 2716 1507 2769 merumque,

195 2776 426 2838 potaque
457 2787 513 2822 se
543 2767 714 2820 Tibur
743 2768 899 2821 turba
928 2769 1097 2822 redire
1127 2779 1294 2839 putat.

124 2837 335 2907 iamque
364 2857 460 2908 per
487 2837 757 2907 Esquilias
788 2839 1084 2892 Romanam
1114 2840 1400 2893 intraverat
1429 2841 1633 2904 urbem,

196 2918 247 2962 et
277 2927 432 2962 mane
461 2908 518 2962 in
545 2909 720 2963 medio
750 2910 986 2979 plaustra
1015 2909 1163 2963 fuere
1193 2910 1324 2963 foro·

125 2976 410 3044 Claudius,
441 2988 501 3032 ut
529 2988 742 3050 possent
772 2980 946 3050 specie
976 2998 1301 3049 numeroque
1332 2989 1574 3034 senatum
1865 3001 1947 3040 685

194 3049 402 3114 fallere,
433 3050 671 3120 personis
700 3051 923 3122 imperat
953 3069 1045 3104 ora
1074 3051 1184 3121 tegi

126 3119 483 3191 admiscetque
513 3121 643 3174 alios
673 3130 747 3184 et,
777 3130 837 3174 ut
865 3121 1005 3175 hunc
1034 3121 1251 3175 tibicina
1281 3131 1491 3176 coetum

197 3201 413 3262 augeat,
443 3191 499 3245 in
527 3192 700 3263 longis
730 3192 965 3246 vestibus
996 3212 1110 3246 esse
1139 3193 1309 3247 iubet:

106 3260 203 3314 ‘sic
230 3261 449 3317 reduces
480 3262 616 3317 bene
646 3281 801 3334 posse
831 3264 965 3334 tegi,
997 3283 1062 3317 ne
1094 3264 1229 3318 forte
1259 3273 1509 3319 notentur

131 3398 134 3400 ,
198 3341 379 3386 contra
407 3334 641 3404 collegae
669 3334 814 3388 iussa
841 3335 1038 3389 redisse
1069 3335 1166 3388 sui.
1865 3357 1947 3395 090

127 3419 210 3456 res
239 3403 436 3474 placuit
445 3424 459 3468 3
491 3406 740 3475 cultuque
769 3424 908 3459 novo
938 3406 1061 3460 licet
1090 3406 1276 3460 Idibus
1306 3407 1385 3460 uti

118 3487 121 3490 ’
199 3482 250 3526 et
280 3492 464 3528 canere
495 3475 564 3529 ad
592 3486 795 3532 veteres
825 3477 989 3532 verba
1017 3477 1194 3532 iocosa
1223 3479 1443 3533 modos.'
1473 3510 1546 3517 —

213 3553 323 3591 oocdcc
334 3557 395 3592 σοι.
410 3556 479 3592 111.
1518 3563 1547 3605 8
