2158 3906
382 322 487 377 236
936 332 991 375 P.
1025 331 1232 376 OV1D11
1261 331 1533 379 NASONIS

302 456 355 495 55
388 455 515 489 num
548 445 723 487 tamen
755 451 974 486 excuses
1007 433 1194 486 erroris
1226 432 1427 502 origine
1457 433 1676 499 factum,

460 526 525 557 an
556 505 685 556 nihil
717 503 959 572 expediat
990 504 1094 557 tale
1124 521 1364 567 movere,
1393 505 1531 558 vide.

388 576 617 629 vulneris
648 575 703 626 id
732 593 902 644 genus
933 583 1036 635 est,
1068 574 1212 643 quod
1243 592 1366 627 cum
1394 576 1629 629 sanabile
1658 595 1766 630 non
1795 578 1880 642 sit,

458 664 564 698 non
595 644 905 698 contrectari
934 645 1097 698 tutius
1128 664 1242 699 esse
1272 655 1417 716 puto·

386 718 592 786 lingua,
626 715 735 768 sile.
809 733 916 768 11011
947 724 1025 770 est
1054 717 1193 768 ultra
1221 716 1483 770 narrabile
1514 718 1825 787 quicquam:

303 807 356 844 60
458 805 612 856 posse
643 787 802 839 velim
834 786 1034 841 cineres
1066 787 1288 841 obruere
1318 788 1432 857 ipse
1463 807 1624 841 meos·

388 858 462 910 sic
491 858 676 927 igitur,
709 857 860 925 quasi
889 877 974 911 me
1004 858 1180 911 nullus
1213 858 1476 928 deceperit
1506 878 1665 922 error,

457 929 620 980 verba
650 928 759 990 fac,
792 937 850 981 ut
879 928 1011 992 vita,
1043 947 1202 997 quam
1234 929 1379 983 dedit
1407 929 1544 999 ipse,
1573 930 1735 983 fruar.

386 1017 612 1066 cumque
646 1018 860 1052 serenus
892 1000 989 1052 erit
1018 1000 1300 1068 vultusque
1330 1000 1589 1054 remiserit
1618 1001 1752 1065 illos,

455 1071 547 1138 qui
579 1089 757 1123 secum
788 1079 953 1123 terras
983 1070 1370 1141 imperiumque
1400 1080 1637 1125 movent:

301 1160 352 1199 65
386 1141 634 1210 exiguam
665 1161 730 1194 ne
760 1161 845 1194 me
875 1141 1126 1211 praedam
1159 1142 1296 1194 sinat
1326 1161 1438 1195 esse
1471 1140 1749 1207 Getarum,

460 1213 652 1280 detque
685 1213 855 1264 solum
884 1212 1105 1266 miserae
1136 1213 1286 1276 mite,
1317 1232 1558 1283 precare,
1587 1213 1766 1284 fugae.

386 1292 595 1352 tempus
628 1284 775 1336 adest
806 1292 987 1353 aptum
1018 1284 1280 1354 precibus.
1355 1285 1496 1338 valet
1524 1285 1638 1355 ipse
1668 1285 1937 1355 videtque,

456 1372 588 1421 quas
618 1354 744 1407 fecit
774 1355 934 1416 vires,
966 1355 1162 1417 Roma,
1194 1356 1370 1408 valere
1401 1364 1544 1418 tuas3

384 1424 660 1477 incolumis
692 1425 921 1478 coniunx
953 1445 1049 1478 sua
1078 1426 1375 1495 pulvinaria
1405 1435 1595 1489 servat,

302 1514 355 1552 70
456 1505 730 1564 promovet
759 1497 1060 1548 Ausonium
1090 1497 1227 1549 filius
1258 1497 1555 1567 imperium,

385 1566 635 1636 praeterit
663 1567 776 1636 ipse
808 1585 930 1619 suos
962 1567 1136 1620 animo
1170 1566 1520 1621 Germanicus
1552 1587 1735 1632 annOS,

457 1655 554 1689 nec
585 1637 737 1707 vigor
768 1647 845 1690 est
875 1637 1042 1690 Drusi
1071 1638 1344 1691 nobilitate
1374 1638 1560 1692 minor.

386 1708 521 1760 adde
553 1727 716 1760 nurus
747 1717 1036 1778 neptesque
1066 1709 1180 1778 pias
1212 1719 1467 1778 natosque
1498 1719 1751 1779 nepotum

456 1788 733 1846 ceteraque
765 1780 1047 1848 Augustae
1077 1781 1315 1832 membra
1344 1781 1518 1833 valere
1551 1781 1764 1833 domusz

300 1866 352 1905 75
384 1849 520 1902 adde
552 1849 899 1919 triumphatos
932 1850 1089 1902 modo
1119 1851 1387 1912 Paeonas,
1419 1851 1554 1904 adde
1587 1851 1751 1919 quieti

455 1920 666 1972 subdita
695 1929 975 1973 montanae
1006 1921 1252 1974 bracchia
1280 1920 1599 1977 Dalmatiae.

381 2009 480 2044 nec
511 1991 798 2060 dedignata
828 2000 907 2043 est
936 1991 1152 2044 abiectis
1181 1991 1356 2061 Illyris
1389 1993 1546 2045 armis

457 2060 778 2114 Caesareum
809 2061 1009 2114 famulo
1040 2062 1234 2115 vertice
1264 2062 1402 2116 ferre
1432 2063 1640 2133 pedem.

348 2197 351 2201 Ι
380 2133 494 2202 ipse
527 2151 684 2202 super
715 2152 926 2185 currum
956 2133 1164 2202 placido
1197 2134 1496 2203 spectabilis
1527 2152 1617 2188 ore

295 2221 350 2260 80
454 2213 692 2273 tempora
720 2203 974 2257 Phoebea
1004 2204 1207 2273 virgine
1237 2223 1375 2258 nexa
1403 2206 1538 2258 tulit.

382 2292 540 2343 quem
570 2274 657 2344 pia
687 2275 961 2328 vobiscum
991 2277 1164 2345 proles
1196 2276 1465 2329 comitavit
1495 2285 1724 2339 euntem,

454 2345 614 2413 digna
642 2355 859 2414 parente
891 2364 986 2398 suo
1017 2346 1423 2415 nominibusque
1455 2347 1606 2410 datis,

380 2415 630 2467 fratribus
662 2416 950 2480 adsimileS,
983 2435 1115 2485 quos
1145 2418 1384 2486 proxima
1413 2419 1609 2488 templa
1639 2417 1863 2472 tenentis

454 2487 605 2538 divus
637 2487 704 2537 ab
736 2487 944 2540 excelsa
972 2487 1139 2540 Iulius
1171 2488 1301 2541 aede
1331 2488 1491 2541 videt.

295 2573 348 2614 85
380 2555 461 2608 his
491 2557 855 2620 MessallinUS‚
887 2558 1079 2625 quibus
1111 2559 1286 2611 omnia
1316 2559 1502 2612 cedere
1533 2559 1744 2622 debent,

452 2627 681 2695 primum
710 2628 938 2681 laetitiae
968 2647 1075 2680 non
1104 2639 1265 2698 negat
1295 2648 1410 2682 esse
1439 2630 1630 2682 locum.

342 2696 346 2701 ’
383 2698 634 2766 quicquid
664 2698 731 2750 ab
762 2698 842 2751 his
874 2710 1137 2768 superest,
1170 2700 1311 2752 venit
1340 2701 1395 2752 in
1427 2710 1693 2754 certamen
1725 2700 1942 2755 amorisz

452 2769 551 2821 hac
581 2769 852 2821 hominum
882 2770 1011 2821 nulli
1042 2780 1190 2839 parte
1222 2771 1486 2824 secundus
1517 2772 1630 2825 erit.

379 2858 477 2892 nec
509 2841 644 2892 colet
673 2850 794 2892 ante
825 2841 986 2902 diem,
1019 2859 1180 2909 quam
1211 2859 1317 2909 qua
1347 2842 1558 2896 decreta
1588 2842 1810 2896 merent-i

296 2928 349 2966 90
394 2913 396 2915 ’
450 2911 594 2963 venit
623 2910 890 2963 honoratis
921 2912 1101 2965 laurea
1132 2912 1293 2982 digna
1323 2913 1502 2966 comis.

378 2980 583 3043 felices,
616 2982 808 3050 quibus
839 2981 892 3034 o!
924 2982 1072 3036 licuit
1102 2993 1339 3052 spectare
1371 2983 1665 3054 triumphos

451 3062 502 3104 et
533 3053 680 3105 ducis
711 3070 799 3105 ore
831 3053 956 3106 deos
988 3054 1361 3145 aequiperante
1390 3054 1513 3107 frui.

378 3131 432 3174 at
461 3122 589 3174 mihi
621 3122 967 3177 Sauromatae
995 3143 1091 3194 pro
1124 3123 1368 3178 (Jaesaris
1397 3143 1486 3179 ore
1517 3125 1748 3188 videndi,

448 3202 690 3262 terraque
720 3194 864 3263 pacis
894 3195 1045 3264 inops
1075 3195 1323 3264 undaque
1352 3196 1532 3248 iuncta
1560 3196 1700 3264 gelu.

292 3279 345 3318 95
379 3263 422 3315 si
451 3272 629 3316 tamen
658 3265 788 3317 haec
819 3265 969 3316 audis
1001 3274 1051 3317 et
1082 3284 1186 3317 vox
1215 3285 1333 3318 mea
1362 3266 1600 3335 pervenit
1630 3265 1782 3329 istuc,

448 3334 513 3385 sit
542 3343 634 3386 tua
662 3334 915 3386 mutando
946 3335 1117 3403 gratia
1146 3335 1341 3388 blanda
1370 3337 1504 3388 loco.

373 3403 474 3456 hoc
504 3413 653 3473 pater
682 3404 769 3457 ille
801 3414 921 3457 tuus
953 3405 1121 3474 primo
1151 3405 1280 3457 mihi
1311 3407 1481 3458 cultus
1513 3406 1580 3458 ab
1612 3424 1759 3469 aem,

446 3474 490 3527 si
521 3474 649 3543 quid
678 3474 838 3528 habet
869 3493 1052 3528 sensus
1083 3476 1271 3529 umbra
1303 3476 1522 3541 diserta,
1554 3477 1702 3547 petit.
