<?xml version="1.0" encoding="UTF-8"?>
<!DOCTYPE html PUBLIC "-//W3C//DTD XHTML 1.0 Transitional//EN"
    "http://www.w3.org/TR/xhtml1/DTD/xhtml1-transitional.dtd">
<html xmlns="http://www.w3.org/1999/xhtml" xml:lang="en" lang="en">
 <head>
  <title>
</title>
<meta http-equiv="Content-Type" content="text/html;charset=utf-8" />
  <meta name='ocr-system' content='tesseract 3.04.00' />
  <meta name='ocr-capabilities' content='ocr_page ocr_carea ocr_par ocr_line ocrx_word'/>
</head>
<body>
  <div class='ocr_page' id='page_1' title='image "./carminaov03oviduoft_0132.png"; bbox 0 0 2158 3906; ppageno 0'>
   <div class='ocr_carea' id='block_1_1' title="bbox 399 297 1548 355">
    <p class='ocr_par' dir='ltr' id='par_1_1' title="bbox 399 297 1548 355">
     <span class='ocr_line' id='line_1_1' title="bbox 399 297 1548 355; baseline 0.004 -6"><span class='ocrx_word' id='word_1_1' title='bbox 399 297 471 350; x_wconf 83' lang='lat'>94</span> <span class='ocrx_word' id='word_1_2' title='bbox 951 307 1006 351; x_wconf 88' lang='grc' dir='ltr'>Ρ.</span> <span class='ocrx_word' id='word_1_3' title='bbox 1040 307 1246 353; x_wconf 90' lang='lat' dir='ltr'>OV1D11</span> <span class='ocrx_word' id='word_1_4' title='bbox 1276 308 1548 355; x_wconf 83' lang='lat' dir='ltr'>NASONIS</span> 
     </span>
    </p>
   </div>
   <div class='ocr_carea' id='block_1_2' title="bbox 287 409 1982 2376">
    <p class='ocr_par' dir='ltr' id='par_1_2' title="bbox 287 409 1955 2376">
     <span class='ocr_line' id='line_1_2' title="bbox 402 409 1699 476; baseline 0.004 -16"><span class='ocrx_word' id='word_1_5' title='bbox 402 410 487 462; x_wconf 87' lang='lat' dir='ltr'>ille</span> <span class='ocrx_word' id='word_1_6' title='bbox 520 429 705 462; x_wconf 91' lang='lat' dir='ltr'>manus</span> <span class='ocrx_word' id='word_1_7' title='bbox 737 410 980 472; x_wconf 77' lang='lat' dir='ltr'>tendenS‚</span> <span class='ocrx_word' id='word_1_8' title='bbox 1011 409 1132 462; x_wconf 91' lang='lat' dir='ltr'>hinc</span> <span class='ocrx_word' id='word_1_9' title='bbox 1164 411 1318 462; x_wconf 84' lang='lat' dir='ltr'>stanti</span> <span class='ocrx_word' id='word_1_10' title='bbox 1350 411 1512 463; x_wconf 91' lang='lat' dir='ltr'>milite</span> <span class='ocrx_word' id='word_1_11' title='bbox 1542 411 1699 476; x_wconf 87' lang='lat' dir='ltr'>iusto,</span> 
     </span>
     <span class='ocr_line' id='line_1_3' title="bbox 473 480 1453 542; baseline 0.001 -11"><span class='ocrx_word' id='word_1_12' title='bbox 473 481 593 532; x_wconf 89' lang='lat' dir='ltr'>hinc</span> <span class='ocrx_word' id='word_1_13' title='bbox 625 480 931 542; x_wconf 88' lang='lat' dir='ltr'>coniuratis,</span> <span class='ocrx_word' id='word_1_14' title='bbox 956 480 1089 532; x_wconf 71' lang='lat' dir='ltr'>‘talia</span> <span class='ocrx_word' id='word_1_15' title='bbox 1120 480 1259 533; x_wconf 88' lang='lat' dir='ltr'>dicta</span> <span class='ocrx_word' id='word_1_16' title='bbox 1288 481 1453 534; x_wconf 84' lang='lat' dir='ltr'>dedit:</span> 
     </span>
     <span class='ocr_line' id='line_1_4' title="bbox 406 550 1789 619; baseline 0.003 -17.071"><span class='ocrx_word' id='word_1_17' title='bbox 406 552 471 602; x_wconf 89' lang='lat' dir='ltr'>‘si</span> <span class='ocrx_word' id='word_1_18' title='bbox 502 550 630 601; x_wconf 90' lang='lat' dir='ltr'>mihi</span> <span class='ocrx_word' id='word_1_19' title='bbox 660 551 891 602; x_wconf 88' lang='lat' dir='ltr'>bellandi</span> <span class='ocrx_word' id='word_1_20' title='bbox 921 560 1069 619; x_wconf 91' lang='lat' dir='ltr'>pater</span> <span class='ocrx_word' id='word_1_21' title='bbox 1100 560 1178 603; x_wconf 91' lang='lat' dir='ltr'>est</span> <span class='ocrx_word' id='word_1_22' title='bbox 1206 552 1510 619; x_wconf 80' lang='lat' dir='ltr'>Vestaeque</span> <span class='ocrx_word' id='word_1_23' title='bbox 1541 553 1789 606; x_wconf 78' lang='lat' dir='ltr'>sacerdos</span> 
     </span>
     <span class='ocr_line' id='line_1_5' title="bbox 476 621 1668 692; baseline 0.003 -21"><span class='ocrx_word' id='word_1_24' title='bbox 476 630 656 672; x_wconf 79' lang='lat' dir='ltr'>auctor</span> <span class='ocrx_word' id='word_1_25' title='bbox 686 629 735 673; x_wconf 91' lang='lat' dir='ltr'>et</span> <span class='ocrx_word' id='word_1_26' title='bbox 766 621 948 673; x_wconf 92' lang='lat' dir='ltr'>ulcisci</span> <span class='ocrx_word' id='word_1_27' title='bbox 978 640 1174 674; x_wconf 91' lang='lat' dir='ltr'>numen</span> <span class='ocrx_word' id='word_1_28' title='bbox 1203 631 1487 690; x_wconf 86' lang='lat' dir='ltr'>utrumque</span> <span class='ocrx_word' id='word_1_29' title='bbox 1517 641 1668 692; x_wconf 83' lang='lat' dir='ltr'>paro:</span> 
     </span>
     <span class='ocr_line' id='line_1_6' title="bbox 288 691 1801 763; baseline -0.001 -16"><span class='ocrx_word' id='word_1_30' title='bbox 288 710 366 747; x_wconf 66' lang='lat'>575</span> <span class='ocrx_word' id='word_1_31' title='bbox 359 721 371 744; x_wconf 86' lang='lat'><strong>›</strong></span> <span class='ocrx_word' id='word_1_32' title='bbox 403 691 577 752; x_wconf 87' lang='lat' dir='ltr'>Mars,</span> <span class='ocrx_word' id='word_1_33' title='bbox 610 691 734 744; x_wconf 89' lang='lat' dir='ltr'>ades</span> <span class='ocrx_word' id='word_1_34' title='bbox 766 700 818 744; x_wconf 91' lang='lat' dir='ltr'>et</span> <span class='ocrx_word' id='word_1_35' title='bbox 848 692 982 744; x_wconf 89' lang='lat' dir='ltr'>satia</span> <span class='ocrx_word' id='word_1_36' title='bbox 1012 693 1264 746; x_wconf 89' lang='lat' dir='ltr'>scelerato</span> <span class='ocrx_word' id='word_1_37' title='bbox 1296 693 1552 763; x_wconf 86' lang='lat' dir='ltr'>sanguine</span> <span class='ocrx_word' id='word_1_38' title='bbox 1582 694 1801 757; x_wconf 88' lang='lat' dir='ltr'>ferrum,</span> 
     </span>
     <span class='ocr_line' id='line_1_7' title="bbox 474 761 1593 832; baseline 0.004 -20.004"><span class='ocrx_word' id='word_1_39' title='bbox 474 771 677 829; x_wconf 88' lang='lat' dir='ltr'>stetque</span> <span class='ocrx_word' id='word_1_40' title='bbox 708 761 859 814; x_wconf 85' lang='lat' dir='ltr'>favor</span> <span class='ocrx_word' id='word_1_41' title='bbox 889 781 1050 816; x_wconf 90' lang='lat' dir='ltr'>causa</span> <span class='ocrx_word' id='word_1_42' title='bbox 1078 782 1173 832; x_wconf 93' lang='lat' dir='ltr'>pro</span> <span class='ocrx_word' id='word_1_43' title='bbox 1204 764 1417 816; x_wconf 91' lang='lat' dir='ltr'>meliore</span> <span class='ocrx_word' id='word_1_44' title='bbox 1447 764 1593 816; x_wconf 79' lang='lat' dir='ltr'>tuus!</span> 
     </span>
     <span class='ocr_line' id='line_1_8' title="bbox 402 832 1764 901; baseline 0.003 -18"><span class='ocrx_word' id='word_1_45' title='bbox 402 832 599 901; x_wconf 83' lang='lat' dir='ltr'>templa</span> <span class='ocrx_word' id='word_1_46' title='bbox 628 832 765 885; x_wconf 88' lang='lat' dir='ltr'>feres</span> <span class='ocrx_word' id='word_1_47' title='bbox 797 842 871 894; x_wconf 89' lang='lat' dir='ltr'>et,</span> <span class='ocrx_word' id='word_1_48' title='bbox 902 853 986 887; x_wconf 91' lang='lat' dir='ltr'>me</span> <span class='ocrx_word' id='word_1_49' title='bbox 1017 834 1238 896; x_wconf 88' lang='lat' dir='ltr'>victore,</span> <span class='ocrx_word' id='word_1_50' title='bbox 1269 835 1540 888; x_wconf 89' lang='lat' dir='ltr'>vocaberis</span> <span class='ocrx_word' id='word_1_51' title='bbox 1560 834 1764 887; x_wconf 65' lang='lat' dir='ltr'>Ultor?</span> 
     </span>
     <span class='ocr_line' id='line_1_9' title="bbox 472 904 1600 958; baseline 0.003 -4"><span class='ocrx_word' id='word_1_52' title='bbox 472 913 710 955; x_wconf 86' lang='lat' dir='ltr'>voverat:</span> <span class='ocrx_word' id='word_1_53' title='bbox 744 913 795 956; x_wconf 93' lang='lat' dir='ltr'>et</span> <span class='ocrx_word' id='word_1_54' title='bbox 823 904 942 957; x_wconf 92' lang='lat' dir='ltr'>fuso</span> <span class='ocrx_word' id='word_1_55' title='bbox 972 906 1141 957; x_wconf 89' lang='lat' dir='ltr'>laetus</span> <span class='ocrx_word' id='word_1_56' title='bbox 1173 905 1241 957; x_wconf 88' lang='lat' dir='ltr'>ab</span> <span class='ocrx_word' id='word_1_57' title='bbox 1270 905 1421 958; x_wconf 92' lang='lat' dir='ltr'>hoste</span> <span class='ocrx_word' id='word_1_58' title='bbox 1451 905 1600 958; x_wconf 89' lang='lat' dir='ltr'>redit.</span> 
     </span>
     <span class='ocr_line' id='line_1_10' title="bbox 401 974 1801 1046; baseline 0.001 -21"><span class='ocrx_word' id='word_1_59' title='bbox 401 992 499 1027; x_wconf 94' lang='lat' dir='ltr'>nec</span> <span class='ocrx_word' id='word_1_60' title='bbox 530 974 655 1026; x_wconf 89' lang='lat' dir='ltr'>satis</span> <span class='ocrx_word' id='word_1_61' title='bbox 688 984 766 1027; x_wconf 91' lang='lat' dir='ltr'>est</span> <span class='ocrx_word' id='word_1_62' title='bbox 794 975 1047 1028; x_wconf 91' lang='lat' dir='ltr'>meruisse</span> <span class='ocrx_word' id='word_1_63' title='bbox 1078 976 1238 1029; x_wconf 90' lang='lat' dir='ltr'>semel</span> <span class='ocrx_word' id='word_1_64' title='bbox 1269 977 1635 1046; x_wconf 85' lang='lat' dir='ltr'>cognomina</span> <span class='ocrx_word' id='word_1_65' title='bbox 1613 976 1801 1029; x_wconf 88' lang='lat' dir='ltr'>Marti:</span> 
     </span>
     <span class='ocr_line' id='line_1_11' title="bbox 291 1045 1643 1116; baseline -0.001 -17"><span class='ocrx_word' id='word_1_66' title='bbox 291 1061 374 1100; x_wconf 83' lang='lat'>580</span> <span class='ocrx_word' id='word_1_67' title='bbox 474 1045 806 1114; x_wconf 82' lang='lat' dir='ltr'>persequitur</span> <span class='ocrx_word' id='word_1_68' title='bbox 834 1046 1022 1098; x_wconf 84' lang='lat' dir='ltr'>Parthi</span> <span class='ocrx_word' id='word_1_69' title='bbox 1053 1046 1204 1116; x_wconf 88' lang='lat' dir='ltr'>signa</span> <span class='ocrx_word' id='word_1_70' title='bbox 1233 1055 1435 1099; x_wconf 88' lang='lat' dir='ltr'>retenta</span> <span class='ocrx_word' id='word_1_71' title='bbox 1464 1066 1643 1098; x_wconf 89' lang='lat' dir='ltr'>manu.</span> 
     </span>
     <span class='ocr_line' id='line_1_12' title="bbox 401 1116 1717 1187; baseline 0.002 -20"><span class='ocrx_word' id='word_1_72' title='bbox 401 1135 532 1185; x_wconf 87' lang='lat' dir='ltr'>gens</span> <span class='ocrx_word' id='word_1_73' title='bbox 563 1116 662 1167; x_wconf 86' lang='lat' dir='ltr'>fuit</span> <span class='ocrx_word' id='word_1_74' title='bbox 693 1128 744 1169; x_wconf 90' lang='lat' dir='ltr'>et</span> <span class='ocrx_word' id='word_1_75' title='bbox 775 1118 973 1187; x_wconf 89' lang='lat' dir='ltr'>campis</span> <span class='ocrx_word' id='word_1_76' title='bbox 1005 1127 1057 1170; x_wconf 90' lang='lat' dir='ltr'>et</span> <span class='ocrx_word' id='word_1_77' title='bbox 1087 1117 1235 1186; x_wconf 90' lang='lat' dir='ltr'>equis</span> <span class='ocrx_word' id='word_1_78' title='bbox 1268 1127 1319 1170; x_wconf 91' lang='lat' dir='ltr'>et</span> <span class='ocrx_word' id='word_1_79' title='bbox 1347 1127 1461 1170; x_wconf 88' lang='lat' dir='ltr'>tuta</span> <span class='ocrx_word' id='word_1_80' title='bbox 1492 1117 1717 1187; x_wconf 77' lang='lat' dir='ltr'>sagittiS,</span> 
     </span>
     <span class='ocr_line' id='line_1_13' title="bbox 476 1187 1410 1241; baseline 0.003 -3"><span class='ocrx_word' id='word_1_81' title='bbox 476 1199 526 1239; x_wconf 90' lang='lat' dir='ltr'>et</span> <span class='ocrx_word' id='word_1_82' title='bbox 557 1187 932 1240; x_wconf 86' lang='lat' dir='ltr'>circumfusis</span> <span class='ocrx_word' id='word_1_83' title='bbox 917 1189 1060 1241; x_wconf 90' lang='lat' dir='ltr'>1nvia</span> <span class='ocrx_word' id='word_1_84' title='bbox 1089 1188 1410 1241; x_wconf 88' lang='lat' dir='ltr'>fluminibus.</span> 
     </span>
     <span class='ocr_line' id='line_1_14' title="bbox 404 1257 1700 1328; baseline 0.001 -19"><span class='ocrx_word' id='word_1_85' title='bbox 404 1257 714 1310; x_wconf 84' lang='lat' dir='ltr'>addiderant</span> <span class='ocrx_word' id='word_1_86' title='bbox 744 1259 943 1312; x_wconf 88' lang='lat' dir='ltr'>animos</span> <span class='ocrx_word' id='word_1_87' title='bbox 977 1257 1290 1312; x_wconf 82' lang='lat' dir='ltr'>Crassorum</span> <span class='ocrx_word' id='word_1_88' title='bbox 1321 1259 1507 1312; x_wconf 85' lang='lat' dir='ltr'>funera</span> <span class='ocrx_word' id='word_1_89' title='bbox 1536 1259 1700 1328; x_wconf 88' lang='lat' dir='ltr'>genti,</span> 
     </span>
     <span class='ocr_line' id='line_1_15' title="bbox 475 1329 1692 1399; baseline 0.002 -19"><span class='ocrx_word' id='word_1_90' title='bbox 475 1348 593 1381; x_wconf 90' lang='lat' dir='ltr'>cum</span> <span class='ocrx_word' id='word_1_91' title='bbox 626 1329 778 1397; x_wconf 90' lang='lat' dir='ltr'>periit</span> <span class='ocrx_word' id='word_1_92' title='bbox 807 1331 956 1383; x_wconf 90' lang='lat' dir='ltr'>miles</span> <span class='ocrx_word' id='word_1_93' title='bbox 989 1331 1244 1399; x_wconf 89' lang='lat' dir='ltr'>signaque</span> <span class='ocrx_word' id='word_1_94' title='bbox 1276 1331 1488 1399; x_wconf 89' lang='lat' dir='ltr'>duxque</span> <span class='ocrx_word' id='word_1_95' title='bbox 1520 1330 1692 1382; x_wconf 88' lang='lat' dir='ltr'>simul.</span> 
     </span>
     <span class='ocr_line' id='line_1_16' title="bbox 289 1400 1752 1469; baseline -0.001 -16"><span class='ocrx_word' id='word_1_96' title='bbox 289 1415 370 1453; x_wconf 83' lang='lat'>585</span> <span class='ocrx_word' id='word_1_97' title='bbox 404 1400 579 1469; x_wconf 87' lang='lat' dir='ltr'>signa,</span> <span class='ocrx_word' id='word_1_98' title='bbox 613 1401 772 1453; x_wconf 87' lang='lat' dir='ltr'>decus</span> <span class='ocrx_word' id='word_1_99' title='bbox 803 1402 952 1463; x_wconf 86' lang='lat' dir='ltr'>belli,</span> <span class='ocrx_word' id='word_1_100' title='bbox 984 1401 1214 1453; x_wconf 84' lang='lat' dir='ltr'>Parthus</span> <span class='ocrx_word' id='word_1_101' title='bbox 1246 1402 1488 1454; x_wconf 85' lang='lat' dir='ltr'>Romana</span> <span class='ocrx_word' id='word_1_102' title='bbox 1519 1401 1752 1463; x_wconf 89' lang='lat' dir='ltr'>tenebat,</span> 
     </span>
     <span class='ocr_line' id='line_1_17' title="bbox 474 1471 1697 1553; baseline 0.002 -32"><span class='ocrx_word' id='word_1_103' title='bbox 474 1471 851 1540; x_wconf 88' lang='lat' dir='ltr'>Romanaeque</span> <span class='ocrx_word' id='word_1_104' title='bbox 882 1472 1088 1553; x_wconf 85' lang='lat' dir='ltr'>aquilae</span> <span class='ocrx_word' id='word_1_105' title='bbox 1121 1472 1338 1541; x_wconf 87' lang='lat' dir='ltr'>signifer</span> <span class='ocrx_word' id='word_1_106' title='bbox 1368 1472 1531 1524; x_wconf 89' lang='lat' dir='ltr'>hostis</span> <span class='ocrx_word' id='word_1_107' title='bbox 1563 1471 1697 1524; x_wconf 71' lang='lat' dir='ltr'>erat!</span> 
     </span>
     <span class='ocr_line' id='line_1_18' title="bbox 401 1541 1861 1610; baseline 0.001 -18"><span class='ocrx_word' id='word_1_108' title='bbox 401 1541 551 1610; x_wconf 89' lang='lat' dir='ltr'>isque</span> <span class='ocrx_word' id='word_1_109' title='bbox 582 1542 752 1610; x_wconf 89' lang='lat' dir='ltr'>pudor</span> <span class='ocrx_word' id='word_1_110' title='bbox 781 1543 1057 1595; x_wconf 87' lang='lat' dir='ltr'>mansisset</span> <span class='ocrx_word' id='word_1_111' title='bbox 1087 1543 1283 1606; x_wconf 86' lang='lat' dir='ltr'>adhuc,</span> <span class='ocrx_word' id='word_1_112' title='bbox 1313 1543 1414 1595; x_wconf 88' lang='lat' dir='ltr'>nisi</span> <span class='ocrx_word' id='word_1_113' title='bbox 1443 1543 1667 1595; x_wconf 85' lang='lat' dir='ltr'>fortibus</span> <span class='ocrx_word' id='word_1_114' title='bbox 1699 1543 1861 1596; x_wconf 83' lang='lat' dir='ltr'>armis</span> 
     </span>
     <span class='ocr_line' id='line_1_19' title="bbox 477 1611 1627 1683; baseline 0.003 -20"><span class='ocrx_word' id='word_1_115' title='bbox 477 1611 718 1664; x_wconf 85' lang='lat' dir='ltr'>Caesaris</span> <span class='ocrx_word' id='word_1_116' title='bbox 750 1614 1021 1666; x_wconf 90' lang='lat' dir='ltr'>Ausoniae</span> <span class='ocrx_word' id='word_1_117' title='bbox 1052 1624 1453 1683; x_wconf 82' lang='lat' dir='ltr'>protegerentur</span> <span class='ocrx_word' id='word_1_118' title='bbox 1484 1633 1627 1683; x_wconf 88' lang='lat' dir='ltr'>opes.</span> 
     </span>
     <span class='ocr_line' id='line_1_20' title="bbox 403 1683 1567 1753; baseline 0.001 -19"><span class='ocrx_word' id='word_1_119' title='bbox 403 1683 489 1735; x_wconf 89' lang='lat' dir='ltr'>ille</span> <span class='ocrx_word' id='word_1_120' title='bbox 520 1692 671 1735; x_wconf 90' lang='lat' dir='ltr'>notas</span> <span class='ocrx_word' id='word_1_121' title='bbox 702 1693 904 1737; x_wconf 88' lang='lat' dir='ltr'>veteres</span> <span class='ocrx_word' id='word_1_122' title='bbox 935 1694 1003 1737; x_wconf 90' lang='lat' dir='ltr'>et</span> <span class='ocrx_word' id='word_1_123' title='bbox 1014 1685 1159 1753; x_wconf 84' lang='lat' dir='ltr'>longi</span> <span class='ocrx_word' id='word_1_124' title='bbox 1190 1685 1418 1738; x_wconf 79' lang='lat' dir='ltr'>dedecus</span> <span class='ocrx_word' id='word_1_125' title='bbox 1450 1685 1567 1737; x_wconf 89' lang='lat' dir='ltr'>aevi</span> 
     </span>
     <span class='ocr_line' id='line_1_21' title="bbox 288 1755 1632 1824; baseline -0.002 -16"><span class='ocrx_word' id='word_1_126' title='bbox 288 1769 372 1808; x_wconf 83' lang='lat'>590</span> <span class='ocrx_word' id='word_1_127' title='bbox 475 1755 699 1806; x_wconf 81' lang='lat' dir='ltr'>sustulit.</span> <span class='ocrx_word' id='word_1_128' title='bbox 776 1765 1038 1824; x_wconf 88' lang='lat' dir='ltr'>agnorunt</span> <span class='ocrx_word' id='word_1_129' title='bbox 1070 1756 1221 1824; x_wconf 88' lang='lat' dir='ltr'>signa</span> <span class='ocrx_word' id='word_1_130' title='bbox 1250 1764 1463 1824; x_wconf 89' lang='lat' dir='ltr'>recepta</span> <span class='ocrx_word' id='word_1_131' title='bbox 1493 1773 1632 1807; x_wconf 88' lang='lat' dir='ltr'>suos.</span> 
     </span>
     <span class='ocr_line' id='line_1_22' title="bbox 405 1825 1808 1903; baseline 0.004 -28"><span class='ocrx_word' id='word_1_132' title='bbox 405 1825 533 1893; x_wconf 90' lang='lat' dir='ltr'>quid</span> <span class='ocrx_word' id='word_1_133' title='bbox 563 1825 659 1876; x_wconf 90' lang='lat' dir='ltr'>tibi</span> <span class='ocrx_word' id='word_1_134' title='bbox 688 1845 829 1878; x_wconf 87' lang='lat' dir='ltr'>nunc</span> <span class='ocrx_word' id='word_1_135' title='bbox 860 1826 1042 1878; x_wconf 88' lang='lat' dir='ltr'>solitae</span> <span class='ocrx_word' id='word_1_136' title='bbox 1072 1827 1207 1877; x_wconf 90' lang='lat' dir='ltr'>mitti</span> <span class='ocrx_word' id='word_1_137' title='bbox 1238 1836 1357 1895; x_wconf 89' lang='lat' dir='ltr'>post</span> <span class='ocrx_word' id='word_1_138' title='bbox 1387 1836 1538 1903; x_wconf 84' lang='lat' dir='ltr'>terga</span> <span class='ocrx_word' id='word_1_139' title='bbox 1567 1825 1808 1895; x_wconf 82' lang='lat' dir='ltr'>sagittae,</span> 
     </span>
     <span class='ocr_line' id='line_1_23' title="bbox 475 1896 1700 1979; baseline 0 -32"><span class='ocrx_word' id='word_1_140' title='bbox 475 1896 602 1964; x_wconf 90' lang='lat' dir='ltr'>quid</span> <span class='ocrx_word' id='word_1_141' title='bbox 631 1897 771 1959; x_wconf 89' lang='lat' dir='ltr'>loca,</span> <span class='ocrx_word' id='word_1_142' title='bbox 802 1897 930 1965; x_wconf 89' lang='lat' dir='ltr'>quid</span> <span class='ocrx_word' id='word_1_143' title='bbox 959 1897 1129 1966; x_wconf 89' lang='lat' dir='ltr'>rapidi</span> <span class='ocrx_word' id='word_1_144' title='bbox 1146 1896 1359 1979; x_wconf 88' lang='lat' dir='ltr'>profuit</span> <span class='ocrx_word' id='word_1_145' title='bbox 1386 1916 1514 1949; x_wconf 89' lang='lat' dir='ltr'>usus</span> <span class='ocrx_word' id='word_1_146' title='bbox 1546 1897 1700 1964; x_wconf 86' lang='lat' dir='ltr'>equi?</span> 
     </span>
     <span class='ocr_line' id='line_1_24' title="bbox 401 1967 1982 2038; baseline 0.002 -20"><span class='ocrx_word' id='word_1_147' title='bbox 401 1967 625 2029; x_wconf 87' lang='lat' dir='ltr'>Parthe,</span> <span class='ocrx_word' id='word_1_148' title='bbox 654 1967 819 2020; x_wconf 89' lang='lat' dir='ltr'>refers</span> <span class='ocrx_word' id='word_1_149' title='bbox 851 1968 1077 2035; x_wconf 79' lang='lat' dir='ltr'>aquilaS‚</span> <span class='ocrx_word' id='word_1_150' title='bbox 1108 1968 1274 2020; x_wconf 87' lang='lat' dir='ltr'>victos</span> <span class='ocrx_word' id='word_1_151' title='bbox 1306 1986 1517 2036; x_wconf 92' lang='lat' dir='ltr'>quoque</span> <span class='ocrx_word' id='word_1_152' title='bbox 1546 1968 1769 2038; x_wconf 81' lang='lat' dir='ltr'>porrigis</span> <span class='ocrx_word' id='word_1_153' title='bbox 1802 1986 1982 2023; x_wconf 84' lang='lat' dir='ltr'>arcus:</span> 
     </span>
     <span class='ocr_line' id='line_1_25' title="bbox 474 2038 1657 2108; baseline 0.001 -19"><span class='ocrx_word' id='word_1_154' title='bbox 474 2038 696 2107; x_wconf 87' lang='lat' dir='ltr'>pignora</span> <span class='ocrx_word' id='word_1_155' title='bbox 724 2039 829 2091; x_wconf 90' lang='lat' dir='ltr'>iam</span> <span class='ocrx_word' id='word_1_156' title='bbox 859 2039 1023 2090; x_wconf 89' lang='lat' dir='ltr'>nostri</span> <span class='ocrx_word' id='word_1_157' title='bbox 1053 2039 1198 2090; x_wconf 88' lang='lat' dir='ltr'>nulla</span> <span class='ocrx_word' id='word_1_158' title='bbox 1226 2038 1444 2108; x_wconf 90' lang='lat' dir='ltr'>pudoris</span> <span class='ocrx_word' id='word_1_159' title='bbox 1475 2038 1657 2091; x_wconf 88' lang='lat' dir='ltr'>habes.</span> 
     </span>
     <span class='ocr_line' id='line_1_26' title="bbox 287 2107 1843 2179; baseline -0.001 -16"><span class='ocrx_word' id='word_1_160' title='bbox 287 2124 370 2163; x_wconf 83' lang='lat'>595</span> <span class='ocrx_word' id='word_1_161' title='bbox 402 2107 498 2160; x_wconf 89' lang='lat' dir='ltr'>rite</span> <span class='ocrx_word' id='word_1_162' title='bbox 531 2109 628 2160; x_wconf 88' lang='lat' dir='ltr'>deo</span> <span class='ocrx_word' id='word_1_163' title='bbox 661 2111 1021 2179; x_wconf 88' lang='lat' dir='ltr'>templumque</span> <span class='ocrx_word' id='word_1_164' title='bbox 1053 2110 1235 2162; x_wconf 87' lang='lat' dir='ltr'>datum</span> <span class='ocrx_word' id='word_1_165' title='bbox 1265 2127 1564 2178; x_wconf 89' lang='lat' dir='ltr'>nomenque</span> <span class='ocrx_word' id='word_1_166' title='bbox 1594 2109 1676 2162; x_wconf 91' lang='lat' dir='ltr'>bis</span> <span class='ocrx_word' id='word_1_167' title='bbox 1707 2110 1843 2173; x_wconf 82' lang='lat' dir='ltr'>ulto,</span> 
     </span>
     <span class='ocr_line' id='line_1_27' title="bbox 476 2180 1520 2233; baseline 0.003 -3"><span class='ocrx_word' id='word_1_168' title='bbox 476 2190 526 2231; x_wconf 89' lang='lat' dir='ltr'>et</span> <span class='ocrx_word' id='word_1_169' title='bbox 557 2180 772 2232; x_wconf 88' lang='lat' dir='ltr'>meritus</span> <span class='ocrx_word' id='word_1_170' title='bbox 804 2181 913 2232; x_wconf 91' lang='lat' dir='ltr'>voti</span> <span class='ocrx_word' id='word_1_171' title='bbox 944 2181 1122 2233; x_wconf 90' lang='lat' dir='ltr'>debita</span> <span class='ocrx_word' id='word_1_172' title='bbox 1153 2181 1308 2232; x_wconf 91' lang='lat' dir='ltr'>solvit</span> <span class='ocrx_word' id='word_1_173' title='bbox 1337 2181 1520 2233; x_wconf 90' lang='lat' dir='ltr'>honor.</span> 
     </span>
     <span class='ocr_line' id='line_1_28' title="bbox 403 2249 1666 2317; baseline 0.003 -16"><span class='ocrx_word' id='word_1_174' title='bbox 403 2250 682 2303; x_wconf 90' lang='lat' dir='ltr'>sollemnes</span> <span class='ocrx_word' id='word_1_175' title='bbox 713 2251 864 2304; x_wconf 87' lang='lat' dir='ltr'>ludos</span> <span class='ocrx_word' id='word_1_176' title='bbox 898 2249 1053 2304; x_wconf 84' lang='lat' dir='ltr'>Circo</span> <span class='ocrx_word' id='word_1_177' title='bbox 1086 2251 1371 2314; x_wconf 89' lang='lat' dir='ltr'>celebrate,</span> <span class='ocrx_word' id='word_1_178' title='bbox 1405 2251 1666 2317; x_wconf 79' lang='lat' dir='ltr'>Quirites!</span> 
     </span>
     <span class='ocr_line' id='line_1_29' title="bbox 472 2322 1695 2376; baseline 0.002 -4"><span class='ocrx_word' id='word_1_179' title='bbox 472 2339 579 2373; x_wconf 95' lang='lat' dir='ltr'>non</span> <span class='ocrx_word' id='word_1_180' title='bbox 609 2322 721 2374; x_wconf 88' lang='lat' dir='ltr'>visa</span> <span class='ocrx_word' id='word_1_181' title='bbox 752 2331 831 2375; x_wconf 89' lang='lat' dir='ltr'>est</span> <span class='ocrx_word' id='word_1_182' title='bbox 859 2322 1049 2376; x_wconf 84' lang='lat' dir='ltr'>fortem</span> <span class='ocrx_word' id='word_1_183' title='bbox 1080 2341 1271 2375; x_wconf 87' lang='lat' dir='ltr'>scaena</span> <span class='ocrx_word' id='word_1_184' title='bbox 1301 2323 1487 2376; x_wconf 80' lang='lat' dir='ltr'>decere</span> <span class='ocrx_word' id='word_1_185' title='bbox 1519 2323 1695 2376; x_wconf 85' lang='lat' dir='ltr'>deum.</span> 
     </span>
    </p>
   </div>
   <div class='ocr_carea' id='block_1_3' title="bbox 289 2461 2108 2746">
    <p class='ocr_par' dir='ltr' id='par_1_3' title="bbox 289 2461 2108 2746">
     <span class='ocr_line' id='line_1_30' title="bbox 402 2461 2108 2532; baseline 0.002 -18"><span class='ocrx_word' id='word_1_186' title='bbox 402 2462 617 2514; x_wconf 86' lang='lat' dir='ltr'>Pliadas</span> <span class='ocrx_word' id='word_1_187' title='bbox 649 2463 870 2532; x_wconf 89' lang='lat' dir='ltr'>aspicies</span> <span class='ocrx_word' id='word_1_188' title='bbox 901 2482 1081 2516; x_wconf 89' lang='lat' dir='ltr'>omnes</span> <span class='ocrx_word' id='word_1_189' title='bbox 1111 2473 1385 2532; x_wconf 92' lang='lat' dir='ltr'>totumque</span> <span class='ocrx_word' id='word_1_190' title='bbox 1416 2482 1656 2516; x_wconf 89' lang='lat' dir='ltr'>sororum</span> <span class='ocrx_word' id='word_1_191' title='bbox 1750 2461 1824 2506; x_wconf 81' lang='lat'>13·</span> <span class='ocrx_word' id='word_1_192' title='bbox 1856 2463 1903 2505; x_wconf 85' lang='grc' dir='ltr'><em>Ε</em></span> <span class='ocrx_word' id='word_1_193' title='bbox 1928 2462 2108 2507; x_wconf 75' lang='lat' dir='ltr'><em>LEM·</em></span> 
     </span>
     <span class='ocr_line' id='line_1_31' title="bbox 289 2521 1967 2604; baseline 0 -18"><span class='ocrx_word' id='word_1_194' title='bbox 289 2549 372 2588; x_wconf 89' lang='lat'>600</span> <span class='ocrx_word' id='word_1_195' title='bbox 475 2552 689 2602; x_wconf 81' lang='lat' dir='ltr'>agmen,</span> <span class='ocrx_word' id='word_1_196' title='bbox 720 2534 813 2585; x_wconf 89' lang='lat' dir='ltr'>ubi</span> <span class='ocrx_word' id='word_1_197' title='bbox 844 2544 963 2587; x_wconf 90' lang='lat' dir='ltr'>ante</span> <span class='ocrx_word' id='word_1_198' title='bbox 994 2535 1122 2587; x_wconf 91' lang='lat' dir='ltr'>Idus</span> <span class='ocrx_word' id='word_1_199' title='bbox 1153 2553 1259 2587; x_wconf 89' lang='lat' dir='ltr'>nox</span> <span class='ocrx_word' id='word_1_200' title='bbox 1290 2535 1387 2587; x_wconf 89' lang='lat' dir='ltr'>erit</span> <span class='ocrx_word' id='word_1_201' title='bbox 1416 2554 1523 2587; x_wconf 87' lang='lat' dir='ltr'>una</span> <span class='ocrx_word' id='word_1_202' title='bbox 1553 2554 1727 2604; x_wconf 90' lang='lat' dir='ltr'>super.</span> <span class='ocrx_word' id='word_1_203' title='bbox 1909 2521 1967 2563; x_wconf 86' lang='lat' dir='ltr'><strong><em>N</em></strong></span> 
     </span>
     <span class='ocr_line' id='line_1_32' title="bbox 402 2604 1780 2675; baseline 0.001 -20"><span class='ocrx_word' id='word_1_204' title='bbox 402 2613 514 2655; x_wconf 90' lang='lat' dir='ltr'>tum</span> <span class='ocrx_word' id='word_1_205' title='bbox 543 2604 672 2655; x_wconf 89' lang='lat' dir='ltr'>mihi</span> <span class='ocrx_word' id='word_1_206' title='bbox 703 2623 807 2656; x_wconf 93' lang='lat' dir='ltr'>non</span> <span class='ocrx_word' id='word_1_207' title='bbox 839 2605 1012 2658; x_wconf 90' lang='lat' dir='ltr'>dubiis</span> <span class='ocrx_word' id='word_1_208' title='bbox 1043 2606 1344 2658; x_wconf 87' lang='lat' dir='ltr'>auctoribus</span> <span class='ocrx_word' id='word_1_209' title='bbox 1375 2605 1560 2675; x_wconf 88' lang='lat' dir='ltr'>incipit</span> <span class='ocrx_word' id='word_1_210' title='bbox 1590 2615 1780 2668; x_wconf 88' lang='lat' dir='ltr'>aestas,</span> 
     </span>
     <span class='ocr_line' id='line_1_33' title="bbox 468 2675 1580 2746; baseline 0.002 -19"><span class='ocrx_word' id='word_1_211' title='bbox 468 2685 524 2727; x_wconf 77' lang='lat' dir='ltr'>‘et</span> <span class='ocrx_word' id='word_1_212' title='bbox 554 2675 717 2744; x_wconf 86' lang='lat' dir='ltr'>tepidi</span> <span class='ocrx_word' id='word_1_213' title='bbox 746 2676 903 2729; x_wconf 91' lang='lat' dir='ltr'>finem</span> <span class='ocrx_word' id='word_1_214' title='bbox 933 2684 1169 2746; x_wconf 91' lang='lat' dir='ltr'>tempora</span> <span class='ocrx_word' id='word_1_215' title='bbox 1199 2677 1335 2729; x_wconf 89' lang='lat' dir='ltr'>veris</span> <span class='ocrx_word' id='word_1_216' title='bbox 1366 2676 1580 2730; x_wconf 87' lang='lat' dir='ltr'>habent.</span> 
     </span>
    </p>
   </div>
   <div class='ocr_carea' id='block_1_4' title="bbox 289 2813 2115 3522">
    <p class='ocr_par' dir='ltr' id='par_1_4' title="bbox 289 2813 2115 3522">
     <span class='ocr_line' id='line_1_34' title="bbox 402 2813 2115 2887; baseline 0.002 -20"><span class='ocrx_word' id='word_1_217' title='bbox 402 2816 587 2868; x_wconf 90' lang='lat' dir='ltr'>Idibus</span> <span class='ocrx_word' id='word_1_218' title='bbox 620 2835 711 2870; x_wconf 89' lang='lat' dir='ltr'>ora</span> <span class='ocrx_word' id='word_1_219' title='bbox 740 2818 882 2887; x_wconf 90' lang='lat' dir='ltr'>prior</span> <span class='ocrx_word' id='word_1_220' title='bbox 911 2818 1171 2871; x_wconf 86' lang='lat' dir='ltr'>stellantia</span> <span class='ocrx_word' id='word_1_221' title='bbox 1201 2819 1383 2872; x_wconf 88' lang='lat' dir='ltr'>tollere</span> <span class='ocrx_word' id='word_1_222' title='bbox 1413 2819 1652 2871; x_wconf 77' lang='lat' dir='ltr'>Taurum</span> <span class='ocrx_word' id='word_1_223' title='bbox 1921 2815 1998 2862; x_wconf 76' lang='lat'>14·</span> <span class='ocrx_word' id='word_1_224' title='bbox 2025 2813 2115 2865; x_wconf 74' lang='lat' dir='ltr'>FC&#39;</span> 
     </span>
     <span class='ocr_line' id='line_1_35' title="bbox 473 2888 1656 2959; baseline 0.003 -20"><span class='ocrx_word' id='word_1_225' title='bbox 473 2888 684 2940; x_wconf 87' lang='lat' dir='ltr'>indicat.</span> <span class='ocrx_word' id='word_1_226' title='bbox 758 2888 882 2941; x_wconf 90' lang='lat' dir='ltr'>huic</span> <span class='ocrx_word' id='word_1_227' title='bbox 913 2890 1065 2959; x_wconf 90' lang='lat' dir='ltr'>signo</span> <span class='ocrx_word' id='word_1_228' title='bbox 1095 2890 1278 2941; x_wconf 88' lang='lat' dir='ltr'>fabula</span> <span class='ocrx_word' id='word_1_229' title='bbox 1306 2898 1431 2942; x_wconf 88' lang='lat' dir='ltr'>nota</span> <span class='ocrx_word' id='word_1_230' title='bbox 1461 2890 1656 2942; x_wconf 88' lang='lat' dir='ltr'>subest.</span> 
     </span>
     <span class='ocr_line' id='line_1_36' title="bbox 289 2931 1716 3030; baseline 0.001 -18"><span class='ocrx_word' id='word_1_231' title='bbox 289 2974 370 3012; x_wconf 91' lang='grc'>605</span> <span class='ocrx_word' id='word_1_232' title='bbox 403 2959 645 3027; x_wconf 91' lang='lat' dir='ltr'>praebuit</span> <span class='ocrx_word' id='word_1_233' title='bbox 675 2968 734 3011; x_wconf 90' lang='lat' dir='ltr'>ut</span> <span class='ocrx_word' id='word_1_234' title='bbox 764 2970 945 3012; x_wconf 89' lang='lat' dir='ltr'>taurus</span> <span class='ocrx_word' id='word_1_235' title='bbox 957 2931 1170 3029; x_wconf 55' lang='lat' dir='ltr'>bTyriae</span> <span class='ocrx_word' id='word_1_236' title='bbox 1202 2980 1297 3012; x_wconf 89' lang='lat' dir='ltr'>sua</span> <span class='ocrx_word' id='word_1_237' title='bbox 1327 2970 1478 3030; x_wconf 87' lang='lat' dir='ltr'>terga</span> <span class='ocrx_word' id='word_1_238' title='bbox 1507 2962 1716 3030; x_wconf 90' lang='lat' dir='ltr'>puellae</span> 
     </span>
     <span class='ocr_line' id='line_1_37' title="bbox 473 3029 1549 3098; baseline 0.003 -18"><span class='ocrx_word' id='word_1_239' title='bbox 473 3029 712 3098; x_wconf 88' lang='lat' dir='ltr'>Iuppiter</span> <span class='ocrx_word' id='word_1_240' title='bbox 742 3040 793 3082; x_wconf 92' lang='lat' dir='ltr'>et</span> <span class='ocrx_word' id='word_1_241' title='bbox 823 3031 957 3083; x_wconf 89' lang='lat' dir='ltr'>falsa</span> <span class='ocrx_word' id='word_1_242' title='bbox 987 3050 1183 3083; x_wconf 90' lang='lat' dir='ltr'>cornua</span> <span class='ocrx_word' id='word_1_243' title='bbox 1213 3031 1383 3084; x_wconf 88' lang='lat' dir='ltr'>fronte</span> <span class='ocrx_word' id='word_1_244' title='bbox 1415 3032 1549 3083; x_wconf 90' lang='lat' dir='ltr'>tulit.</span> 
     </span>
     <span class='ocr_line' id='line_1_38' title="bbox 402 3100 1680 3164; baseline 0.002 -13"><span class='ocrx_word' id='word_1_245' title='bbox 402 3100 491 3151; x_wconf 86' lang='lat' dir='ltr'>illa</span> <span class='ocrx_word' id='word_1_246' title='bbox 520 3100 702 3152; x_wconf 87' lang='lat' dir='ltr'>iubam</span> <span class='ocrx_word' id='word_1_247' title='bbox 733 3101 940 3164; x_wconf 85' lang='lat' dir='ltr'>dextra,</span> <span class='ocrx_word' id='word_1_248' title='bbox 971 3102 1123 3154; x_wconf 87' lang='lat' dir='ltr'>laeva</span> <span class='ocrx_word' id='word_1_249' title='bbox 1153 3102 1410 3154; x_wconf 86' lang='lat' dir='ltr'>retinebat</span> <span class='ocrx_word' id='word_1_250' title='bbox 1441 3102 1680 3164; x_wconf 87' lang='lat' dir='ltr'>amictus,</span> 
     </span>
     <span class='ocr_line' id='line_1_39' title="bbox 474 3170 1590 3240; baseline 0.001 -18"><span class='ocrx_word' id='word_1_251' title='bbox 474 3180 525 3223; x_wconf 88' lang='lat' dir='ltr'>et</span> <span class='ocrx_word' id='word_1_252' title='bbox 555 3170 711 3223; x_wconf 90' lang='lat' dir='ltr'>timor</span> <span class='ocrx_word' id='word_1_253' title='bbox 740 3171 852 3240; x_wconf 89' lang='lat' dir='ltr'>ipse</span> <span class='ocrx_word' id='word_1_254' title='bbox 882 3173 1006 3224; x_wconf 92' lang='lat' dir='ltr'>novi</span> <span class='ocrx_word' id='word_1_255' title='bbox 1037 3191 1196 3224; x_wconf 88' lang='lat' dir='ltr'>causa</span> <span class='ocrx_word' id='word_1_256' title='bbox 1227 3172 1428 3224; x_wconf 86' lang='lat' dir='ltr'>decoris</span> <span class='ocrx_word' id='word_1_257' title='bbox 1462 3181 1590 3224; x_wconf 85' lang='lat' dir='ltr'>erat.</span> 
     </span>
     <span class='ocr_line' id='line_1_40' title="bbox 404 3241 1768 3312; baseline 0.002 -20"><span class='ocrx_word' id='word_1_258' title='bbox 404 3260 532 3293; x_wconf 88' lang='lat' dir='ltr'>aura</span> <span class='ocrx_word' id='word_1_259' title='bbox 562 3241 706 3293; x_wconf 91' lang='lat' dir='ltr'>sinus</span> <span class='ocrx_word' id='word_1_260' title='bbox 736 3242 942 3310; x_wconf 88' lang='lat' dir='ltr'>implet,</span> <span class='ocrx_word' id='word_1_261' title='bbox 971 3242 1135 3294; x_wconf 89' lang='lat' dir='ltr'>flavos</span> <span class='ocrx_word' id='word_1_262' title='bbox 1166 3251 1343 3294; x_wconf 83' lang='lat' dir='ltr'>movet</span> <span class='ocrx_word' id='word_1_263' title='bbox 1373 3261 1501 3294; x_wconf 87' lang='lat' dir='ltr'>aura</span> <span class='ocrx_word' id='word_1_264' title='bbox 1531 3242 1768 3312; x_wconf 77' lang='lat' dir='ltr'>capillos,</span> 
     </span>
     <span class='ocr_line' id='line_1_41' title="bbox 290 3310 1498 3394; baseline -0.002 -28"><span class='ocrx_word' id='word_1_265' title='bbox 290 3328 372 3367; x_wconf 87' lang='lat'>610</span> <span class='ocrx_word' id='word_1_266' title='bbox 476 3310 684 3373; x_wconf 84' lang='lat' dir='ltr'>Sidoni,</span> <span class='ocrx_word' id='word_1_267' title='bbox 716 3312 790 3364; x_wconf 88' lang='lat' dir='ltr'>sic</span> <span class='ocrx_word' id='word_1_268' title='bbox 820 3312 996 3365; x_wconf 86' lang='lat' dir='ltr'>fueras</span> <span class='ocrx_word' id='word_1_269' title='bbox 1028 3312 1329 3394; x_wconf 87' lang='lat' dir='ltr'>aspicienda</span> <span class='ocrx_word' id='word_1_270' title='bbox 1359 3312 1498 3364; x_wconf 75' lang='lat' dir='ltr'>Iovi!</span> 
     </span>
     <span class='ocr_line' id='line_1_42' title="bbox 403 3382 1742 3453; baseline 0.001 -18"><span class='ocrx_word' id='word_1_271' title='bbox 403 3401 559 3452; x_wconf 89' lang='lat' dir='ltr'>saepe</span> <span class='ocrx_word' id='word_1_272' title='bbox 589 3383 848 3451; x_wconf 90' lang='lat' dir='ltr'>puellares</span> <span class='ocrx_word' id='word_1_273' title='bbox 881 3382 1132 3435; x_wconf 76' lang='lat' dir='ltr'>subduxlt</span> <span class='ocrx_word' id='word_1_274' title='bbox 1161 3383 1228 3434; x_wconf 90' lang='lat' dir='ltr'>ab</span> <span class='ocrx_word' id='word_1_275' title='bbox 1259 3401 1486 3451; x_wconf 90' lang='lat' dir='ltr'>aequore</span> <span class='ocrx_word' id='word_1_276' title='bbox 1515 3385 1742 3453; x_wconf 61' lang='lat' dir='ltr'>planum,</span> 
     </span>
     <span class='ocr_line' id='line_1_43' title="bbox 475 3453 1474 3522; baseline 0.002 -17"><span class='ocrx_word' id='word_1_277' title='bbox 475 3463 527 3505; x_wconf 91' lang='lat' dir='ltr'>et</span> <span class='ocrx_word' id='word_1_278' title='bbox 555 3454 742 3505; x_wconf 89' lang='lat' dir='ltr'>metuit</span> <span class='ocrx_word' id='word_1_279' title='bbox 772 3462 942 3506; x_wconf 87' lang='lat' dir='ltr'>tactus</span> <span class='ocrx_word' id='word_1_280' title='bbox 975 3453 1250 3506; x_wconf 86' lang='lat' dir='ltr'>assilientis</span> <span class='ocrx_word' id='word_1_281' title='bbox 1283 3471 1474 3522; x_wconf 89' lang='lat' dir='ltr'>aquae.</span> 
     </span>
    </p>
   </div>
  </div>
 </body>
</html>
