2158 3906
386 318 491 371 194
938 328 993 372 P.
1027 328 1234 374 OVIDII
1262 325 1534 373 NASONIS

303 449 354 487 15
387 450 614 501 cumque
644 429 998 501 perhorruerit
1027 447 1179 481 casus
1210 448 1332 498 pars
1361 428 1592 480 maxima
1621 436 1845 490 nostros,

458 522 578 572 pars
611 502 768 553 etiam
799 500 941 552 credi
970 500 1302 569 pertimuisse
1332 499 1458 551 velit

386 572 829 640 naufragiumque
857 589 1037 623 meum
1066 570 1270 622 tumulo
1301 568 1550 639 spectarit
1580 569 1647 621 ab
1678 569 1784 622 alto

458 661 555 694 nec
586 642 788 694 dederit
816 641 964 693 nanti
993 660 1088 710 per
1117 641 1253 694 freta
1289 659 1446 694 saeva
1474 659 1708 702 manum,

389 713 703 766 seminecem
735 711 926 782 Stygia
954 711 1213 764 revocasti
1243 711 1384 763 solus
1417 710 1485 763 ab
1514 710 1674 763 unda.

304 798 357 837 20
458 783 558 835 hoc
589 800 817 851 quoque,
849 783 993 851 quod
1021 799 1279 835 memores
1307 800 1590 852 possumus
1621 799 1752 844 esse,
1784 790 1935 833 tuum
1966 787 2065 833 est.

389 854 442 906 di
471 853 567 906 tibi
598 872 654 907 se
684 853 918 906 tribuant
948 872 1069 906 cum
1101 851 1331 905 Caesare
1363 871 1570 922 semper
1599 851 1819 905 amicos:

459 943 564 976 non
594 924 765 995 potuit
793 933 976 977 votum
1005 924 1212 994 plenius
1244 942 1358 976 esse
1387 942 1584 976 meum.

388 996 520 1049 haec
549 1014 699 1048 meus
731 996 954 1065 argutis,
986 996 1030 1048 si
1060 1004 1118 1048 tu
1151 1003 1417 1064 paterere,
1445 994 1635 1047 libellis

458 1075 678 1136 poneret
705 1066 760 1119 in
790 1067 957 1119 multa
985 1067 1103 1119 luce
1133 1065 1362 1118 videnda
1390 1065 1557 1118 labor.

306 1151 358 1190 25
389 1156 531 1190 nunc
561 1155 772 1206 quoque
803 1156 882 1200 se,
913 1137 1154 1206 quamvis
1185 1145 1264 1190 est
1293 1137 1438 1189 iussa
1467 1135 1760 1205 quiescere,
1791 1134 1921 1203 quin
1950 1142 2008 1188 te

460 1209 695 1261 nominet
723 1208 970 1270 invitum,
1002 1208 1091 1261 vix
1120 1226 1240 1261 mea
1269 1207 1433 1260 Musa
1461 1215 1620 1261 tenet.

389 1289 554 1347 utque
586 1298 769 1333 canem
799 1279 1024 1349 pavidae
1054 1288 1270 1332 nactum
1300 1278 1526 1348 vestigia
1556 1295 1744 1332 cervae

460 1351 748 1404 luctantem
777 1350 975 1404 frustra
1005 1350 1195 1420 copula
1224 1350 1357 1402 dura
1386 1357 1546 1413 tenet,

390 1430 555 1490 utque
584 1421 724 1475 fores
754 1422 989 1474 nondum
1018 1421 1235 1474 reserati
1266 1421 1490 1474 carceris
1522 1438 1644 1474 acer

307 1506 361 1545 30
462 1511 603 1545 nunc
633 1492 794 1563 pede,
825 1511 967 1545 nunc
996 1493 1112 1562 ipsa
1142 1492 1314 1545 fronte
1344 1491 1554 1545 lacessit
1585 1509 1777 1559 equus:

393 1563 467 1616 sic
497 1583 616 1616 mea
645 1564 763 1633 lege
795 1563 918 1616 data
947 1563 1124 1615 vincta
1154 1571 1313 1631 atque
1342 1563 1545 1615 inclusa
1574 1561 1765 1614 Thalia

462 1653 557 1704 per
586 1635 797 1687 titulum
826 1634 974 1688 vetiti
1002 1634 1227 1686 nominis
1258 1634 1334 1686 ire
1365 1634 1526 1703 cupit.

390 1724 458 1758 ne
488 1714 665 1759 tamen
696 1705 870 1758 officio
900 1705 1145 1758 memoris
1176 1703 1400 1757 laedaris
1430 1704 1601 1765 amici,

462 1776 660 1846 parebo
690 1776 869 1839 iussiS,
899 1807 971 1813 —
999 1795 1156 1845 parce
1187 1776 1370 1828 timere
1399 1805 1472 1812 ——
1499 1775 1620 1827 tuis.

308 1861 361 1900 35
394 1856 447 1900 at
477 1865 583 1899 non
614 1866 878 1916 parerem,
909 1847 1009 1898 nisi
1041 1865 1124 1899 me
1155 1845 1456 1899 meminisse
1487 1855 1716 1914 putares.

465 1917 566 1971 hoc
597 1917 741 1987 quod
770 1936 877 1969 non
905 1916 1150 1987 prohibet
1179 1935 1285 1969 vox
1314 1924 1430 1978 tua,
1461 1924 1644 1985 gratus
1676 1933 1783 1968 ero.

395 1988 628 2058 dumque
656 2018 728 2025 —
757 1988 901 2056 quod
931 2006 962 2040 o
994 1987 1154 2040 breve
1185 1986 1275 2040 sitl
1305 2017 1378 2023 —
1406 1987 1586 2040 lumen
1616 1986 1774 2039 vitale
1804 1984 2019 2049 videbO,

465 2059 655 2114 serviet
686 2059 861 2113 officio
893 2058 1103 2129 spiritus
1133 2058 1232 2111 iste
1262 2066 1369 2110 tuo·

1205 2171 1284 2224 X.

392 2272 473 2326 Ut
504 2291 685 2325 sumus
715 2272 770 2325 in
799 2271 999 2334 Ponto,
1030 2280 1110 2325 ter
1138 2270 1336 2342 frigore
1367 2269 1599 2324 constitit
1628 2270 1827 2333 Hister,

466 2344 608 2396 facta
639 2353 715 2396 est
747 2343 946 2395 Euxini
978 2343 1109 2395 dura
1139 2352 1218 2396 ter
1246 2342 1390 2394 unda
1419 2340 1594 2393 maris.

396 2424 449 2467 at
479 2415 608 2466 mihi
638 2415 743 2466 iam
773 2413 955 2467 videor
984 2414 1154 2483 patria
1183 2413 1368 2482 procul
1399 2431 1512 2464 esse
1544 2419 1619 2463 tot
1650 2410 1816 2474 annis,

466 2485 725 2537 Dardana
754 2493 882 2554 quot
913 2483 1079 2538 Graio
1110 2483 1272 2536 Troia
1303 2483 1401 2535 sub
1431 2482 1581 2534 hoste
1612 2481 1728 2533 fuit.

339 2571 364 2610 5
397 2565 535 2610 stare
565 2565 744 2625 puteS,
777 2555 908 2608 adeo
938 2554 1232 2625 procedunt
1261 2563 1501 2622 tempora
1530 2553 1696 2615 tarde,

469 2636 520 2680 et
548 2626 752 2696 peragit
782 2625 936 2678 lentis
967 2625 1210 2696 passibus
1241 2643 1410 2677 annus
1441 2624 1555 2676 iter.
1733 2649 1763 2671 l

395 2716 494 2752 nec
524 2697 652 2749 mihi
684 2697 963 2750 solstitium
994 2696 1279 2765 quicquam
1309 2695 1374 2749 de
1404 2695 1646 2748 noctibus
1678 2692 1865 2756 aufert,

469 2769 632 2822 efficit
661 2776 914 2838 angustos
943 2786 1042 2820 nec
1072 2766 1200 2819 mihi
1229 2767 1419 2819 bruma
1449 2765 1577 2819 dies.

398 2840 595 2893 scilicet
623 2839 710 2892 hic
741 2839 910 2892 omnis
939 2858 1117 2892 rerum
1146 2846 1336 2890 natura
1365 2845 1560 2890 novata
1590 2845 1670 2890 est

314 2925 366 2964 10
470 2929 695 2979 cumque
725 2910 855 2963 meis
887 2910 1025 2963 curis
1056 2909 1232 2962 omnia
1259 2910 1421 2979 longa
1448 2908 1608 2960 facit?

397 3002 465 3034 an
495 2990 758 3052 peragunt
788 2981 966 3034 solitos
997 2980 1297 3034 communia
1327 2988 1563 3050 tempora
1593 2987 1783 3040 motuS,

470 3061 696 3121 suntque
726 3052 895 3122 magis
925 3052 1065 3104 vitae
1094 3060 1332 3121 tempora
1363 3051 1495 3103 dura
1524 3051 1706 3103 meae?

399 3142 556 3193 quem
587 3132 731 3177 tenet
760 3123 959 3176 Euxini
988 3122 1218 3176 mendax
1249 3121 1560 3191 cognomine
1590 3120 1730 3182 litus,

471 3204 521 3247 et
553 3193 789 3263 Scythici
819 3212 941 3247 vere
971 3202 1110 3247 terra
1140 3192 1348 3245 sinistra
1376 3191 1513 3244 freti.

315 3282 366 3320 15
398 3265 705 3318 innumerae
737 3265 875 3317 circa
904 3263 1234 3334 gentes‘fera
1263 3263 1402 3315 bella
1430 3262 1713 3323 minantur,

471 3353 607 3403 quae
637 3354 743 3387 non
775 3335 840 3387 de
868 3343 1018 3405 rapto
1049 3333 1226 3386 vivere
1257 3342 1409 3402 turpe
1438 3340 1642 3401 putant.

400 3406 475 3459 nil
505 3415 652 3459 extra
683 3414 856 3458 tutum
885 3414 989 3468 est3
1019 3404 1253 3457 tumulus
1285 3402 1584 3456 defenditur
1614 3420 1770 3473 aegre

470 3476 747 3530 moenibus
778 3475 984 3546 exiguis
1013 3474 1331 3546 ingenioque
1361 3474 1479 3527 loci.
