2158 3906
336 286 408 343 64
888 296 944 340 Ρ.
980 296 1187 342 OVIDII
1218 296 1491 343 NASONIS

223 405 309 446 230
413 400 555 468 quod
585 399 708 452 fuit:
741 399 862 450 hinc
892 416 1090 466 poenas
1122 398 1286 467 exigit
1314 398 1392 450 ira
1423 399 1569 451 deae.

338 471 515 525 Naida
545 470 846 523 volneribus
878 468 1100 520 succidit
1129 468 1184 520 in
1215 469 1402 521 arbore
1422 469 1603 522 factis.

409 542 499 593 illa
528 540 686 610 perit:
719 539 888 590 fatum
917 538 1119 591 Naidos
1151 539 1307 592 arbor
1337 548 1464 592 erat.

337 611 424 665 hic
453 611 579 662 furit
611 619 663 662 et
693 609 911 661 credens
942 608 1160 662 thalami
1189 611 1536 680 procumbere
1567 620 1766 665 tectum

300 697 303 699 “
408 681 597 750 effugit
629 689 679 733 et
711 698 870 731 cursu
899 679 1174 748 Dindyma
1204 700 1410 734 summa
1438 682 1586 751 petit,

223 757 306 799 235
338 761 390 806 et
405 752 563 804 modo
581 750 745 803 “tolle
761 750 905 803 faces
918 749 930 802 l
943 750 990 813 ,”
1010 752 1294 804 “remove''
1311 753 1469 804 modo
1487 753 1771 806 “verberal
1785 753 1815 776 ”
1834 754 2051 817 clamat3

410 841 565 891 saepe
597 823 773 891 palam
806 819 1023 891 Stygias
1057 822 1195 874 iurat
1226 823 1410 875 adesse
1442 824 1584 876 deas·

337 893 426 945 ille
458 893 618 945 etiam
647 910 778 944 saxo
810 910 999 961 corpus
1030 893 1247 945 laniavit
1277 902 1450 956 acute,

409 964 677 1033 longaque
707 963 764 1015 in
794 963 1067 1015 immundo
1097 964 1315 1032 pulvere
1344 972 1513 1016 tracta
1543 983 1694 1018 coma
1725 977 1820 1019 est.

337 1052 549 1103 voxque
580 1034 682 1086 fuit
712 1033 945 1087 “meruil
976 1035 1187 1087 meritas
1220 1035 1287 1086 do
1319 1035 1576 1105 sanguine
1606 1055 1822 1106 poenas.

222 1111 307 1151 240
411 1124 465 1168 a,
496 1113 714 1175 pereant
743 1114 944 1175 parteS‚
977 1123 1112 1173 quae
1143 1124 1368 1159 nocuere
1398 1106 1592 1158 mihil?

339 1181 372 1207 “
382 1195 438 1239 a,
468 1176 727 1246 pereant’'
761 1176 969 1246 dicebat
998 1176 1195 1229 adhuc:
1227 1195 1359 1229 onus
1389 1177 1620 1246 inguinis
1652 1177 1842 1242 aufert,

410 1247 661 1315 nullaque
693 1257 816 1299 sunt
846 1247 1020 1299 subito
1050 1247 1202 1317 signa
1231 1248 1413 1301 relicta
1442 1248 1557 1300 viri.

339 1319 485 1371 venit
514 1318 570 1370 in
600 1319 901 1388 exemplum
931 1318 1078 1371 furor
1105 1318 1215 1379 hic,
1246 1319 1536 1386 mollesque
1566 1318 1790 1371 ministri

412 1389 640 1441 caedunt
669 1389 874 1442 iactatis
905 1389 1028 1441 vilia
1057 1389 1295 1442 membra
1325 1389 1521 1442 comis.'
1552 1423 1557 1428 ›

223 1469 306 1510 245
340 1460 534 1513 talibus
565 1460 774 1512 Aoniae
804 1460 1034 1513 facunda
1063 1478 1193 1514 voce
1224 1458 1492 1513 Camenae

410 1531 616 1583 reddita
646 1531 868 1599 quaesiti
901 1550 1060 1583 causa
1089 1531 1279 1584 furoris
1310 1541 1436 1584 erat.
1467 1562 1539 1569 -

340 1600 465 1654 ‘hoc
496 1619 732 1669 quoque,
765 1602 873 1654 dux
904 1602 1101 1672 operiS,
1132 1621 1372 1665 moneas,
1402 1621 1612 1672 precor,
1643 1603 1784 1656 unde
1816 1603 1982 1672 petita

412 1672 637 1734 venerit3
670 1692 737 1724 an
766 1682 947 1725 nostra
977 1692 1184 1742 semper
1212 1674 1267 1725 in
1296 1673 1428 1726 urbe
1458 1673 1612 1725 fuit-„9⁹

340 1742 679 1812 ‘Dindymon
710 1752 763 1796 et
793 1741 1033 1813 Cybelen
1064 1756 1116 1796 et
1146 1763 1423 1797 amoenam
1451 1744 1686 1796 fontibus
1716 1744 1852 1797 Iden

225 1825 309 1865 250
413 1833 621 1882 semper
652 1822 701 1867 et
732 1815 922 1866 Iliacas
953 1814 1132 1867 Mater
1161 1815 1359 1867 amavit
1388 1833 1530 1885 opes,

343 1903 465 1938 cum
495 1884 712 1936 Troiam
741 1885 955 1938 Aeneas
986 1885 1148 1938 Italos
1179 1895 1411 1955 portaret
1439 1886 1496 1938 in
1526 1905 1698 1956 agros,

413 1964 492 2007 est
522 1955 622 2008 dea
653 1956 926 2008 sacriferas
957 1975 1124 2025 paene
1155 1966 1336 2009 secuta
1365 1966 1521 2010 rates.

341 2026 436 2079 sed
464 2026 702 2078 nondum
730 2026 853 2079 fatis
885 2026 1044 2079 Latio
1076 2047 1172 2079 sua
1200 2028 1419 2079 numina
1446 2028 1595 2097 posci
1624 2040 1626 2042 ’

413 2106 669 2159 senserat,
692 2097 932 2150 adsuetis
964 2098 1372 2166 substiteratque
1401 2099 1547 2151 locis,

224 2179 307 2220 255
339 2176 483 2238 post,
514 2177 574 2220 ut
602 2168 776 2221 Roma
804 2178 990 2238 potens
1022 2169 1209 2238 opibus
1240 2169 1345 2221 iam
1375 2170 1587 2223 saecula
1617 2169 1851 2240 quinque

412 2239 544 2291 vidit
575 2248 626 2292 et
657 2240 885 2292 edomito
917 2240 1127 2292 sustulit
1156 2241 1282 2293 orbe
1314 2251 1490 2310 caput,

341 2309 601 2362 carminis
618 2309 848 2363 Euboici
877 2311 1060 2363 fatalia
1089 2312 1252 2363 verba
1281 2311 1525 2364 sacerdos

410 2380 637 2450 inspicit.
711 2381 1008 2450 inspectum
1038 2382 1142 2434 tale
1171 2381 1335 2434 fuisse
1365 2382 1565 2435 ferunt:

339 2456 551 2504 “mater
582 2451 753 2503 abestx
785 2461 1007 2504 matrem
1036 2452 1219 2514 iube0‚
1250 2453 1514 2516 Romane,
1544 2453 1796 2521 requiras·

225 2535 309 2575 260
412 2541 533 2574 cum
563 2522 763 2584 veniet,
795 2532 939 2575 casta
969 2532 1049 2575 est
1079 2523 1385 2592 accipienda
1413 2524 1626 2576 mann.’'

339 2592 596 2646 obscurae
626 2593 779 2645 sortis
811 2603 986 2662 patres
1017 2594 1331 2663 ambagibus
1363 2604 1554 2658 errant,

409 2681 613 2731 quaeve
643 2683 832 2733 parens
864 2665 999 2716 absit
1029 2683 1200 2733 quove
1231 2666 1459 2734 petenda
1487 2667 1619 2718 loco,

339 2734 629 2787 consulitur
657 2735 840 2788 Paean
871 2736 1243 2804 “divum'’que
1275 2738 1563 2790 “arcessite
1593 2737 1867 2790 Matrem”

409 2805 602 2873 inquit:
636 2806 733 2857 “in
762 2806 926 2859 Idaeo
958 2816 1037 2859 est
1065 2807 1382 2860 invenienda
1410 2808 1588 2877 iug0.''

224 2888 306 2929 265
338 2876 619 2928 mittuntur
642 2894 906 2947 proceres,
979 2877 1250 2947 Phrygiae
1281 2888 1406 2931 tunc
1437 2888 1643 2949 sceptra
1673 2880 1886 2932 tenebat

409 2947 650 3000 Attalus:
683 2948 937 3001 Ausoniis
967 2968 1079 3001 rem
1109 2958 1270 3018 negat
1298 2950 1386 3003 ille
1416 2950 1541 3002 viris
1569 2980 1644 2987 —

340 3018 474 3069 mira
504 3037 690 3071 canam
718 3048 814 3082 ——‚
844 3021 1003 3088 longo
1036 3020 1250 3072 tremuit
1279 3039 1401 3073 cum
1430 3040 1700 3074 murmure
1732 3021 1905 3084 tellus,

413 3097 464 3140 et
496 3089 570 3141 sic
600 3098 679 3141 est
710 3090 882 3159 adytis
914 3091 1036 3143 diva
1065 3091 1240 3143 locuta
1270 3091 1401 3143 suis:

339 3158 499 3228 “ipsa
528 3160 636 3229 peti
667 3161 826 3212 volui.
900 3180 966 3213 ne
997 3161 1063 3213 sit
1092 3179 1263 3213 mora:
1294 3163 1442 3215 mitte
1472 3163 1752 3214 volentem.

225 3244 308 3284 270
413 3229 605 3298 dignus
636 3230 809 3283 Roma
837 3230 1009 3292 locuS,
1042 3249 1146 3298 quo
1178 3232 1307 3284 deus
1339 3232 1507 3284 omnis
1539 3232 1673 3284 eat.”

338 3299 426 3352 ille
460 3300 574 3352 soni
605 3309 799 3353 terrore
830 3320 1027 3370 pavens
1059 3302 1471 3370 “proficiscere'’
1504 3302 1659 3355 dixit:

411 3376 632 3423 “nostra
662 3371 788 3424 eris:
818 3372 873 3423 in
902 3371 1168 3440 Phrygios
1199 3372 1372 3425 Roma
1401 3372 1626 3426 refertur
1655 3374 1836 3427 aVOS.’'

336 3441 575 3512 protinus
604 3441 911 3496 innumerae
942 3443 1169 3496 caedunt
1198 3443 1376 3513 pineta
1407 3462 1615 3498 secures
1663 3513 1666 3515 Α
