2158 3906
496 340 846 388 FASTORUM
874 340 997 386 LIB.
1027 340 1117 387 111.
1148 340 1392 388 515—600.

97 445 249 502 tertia
275 442 555 499 nudandas
587 452 860 514 acceperat
892 462 1015 497 area
1044 461 1260 506 messes,

167 517 326 586 inque
356 532 514 569 cavos
544 514 713 567 ierant
742 513 895 567 tertia
924 523 1100 568 musta
1128 514 1300 568 lacus:

97 587 307 662 pellitur
335 585 498 639 Anna
527 584 683 637 domo
713 584 1098 653 lacrimansque
1130 584 1329 638 sororia
1356 584 1548 655 linquit

167 656 390 711 moenia.
464 674 748 727 germanae
779 655 918 709 iusta
949 656 1039 709 dat
1069 665 1190 710 ante
1221 675 1366 709 suae.

0 736 2 766 ⁵
97 729 261 784 mixta
289 727 480 780 bibunt
508 727 691 780 molles
722 726 950 779 lacrimis
981 736 1256 797 unguenta
1285 726 1515 791 favillae,

166 798 362 854 vertice
391 797 581 851 libatas
612 797 981 867 accipiuntque
1013 817 1207 851 comas.

97 877 279 940 terque
308 868 503 923 ‘valel’
534 868 688 931 dixit,
720 869 920 923 cineres
950 878 1030 922 ter
1060 869 1129 922 ad
1159 888 1251 923 ora
1279 869 1472 923 relatos

166 940 379 1012 pressit3
412 948 464 993 et
494 948 573 993 est
602 939 703 992 illis
733 939 848 993 visa
877 940 1095 994 subesse
1127 958 1289 993 soror.

94 1019 288 1067 nancta
314 1020 484 1065 ratem
514 1010 835 1080 comitesque
865 1011 1026 1081 fugae
1055 1011 1191 1082 pede
1220 1010 1416 1064 labitur
1445 1026 1635 1080 aequo,

166 1082 375 1136 moenia
403 1081 713 1151 respiciens,
745 1082 899 1136 dulce
930 1083 1123 1135 sororis
1155 1100 1306 1152 opus.

95 1153 281 1208 fertilis
313 1162 391 1207 est
419 1151 607 1207 Melite
638 1153 800 1206 sterili
829 1152 1003 1205 vicina
1033 1151 1270 1221 Cosyrae

166 1224 363 1286 insula,
395 1242 555 1293 quam
586 1223 780 1292 Libyci
808 1223 1051 1277 verberat
1079 1222 1224 1275 unda
1252 1220 1390 1276 freti.

94 1293 231 1349 hanc
260 1294 414 1365 petit,
444 1293 671 1363 hospitio
701 1293 842 1364 regis
873 1293 1071 1346 confisa
1099 1301 1327 1347 vetust0.

166 1364 356 1436 hospes
386 1382 548 1435 opum
579 1363 727 1417 dives
758 1382 853 1417 rex
882 1363 957 1416 ibi
986 1364 1178 1417 Battus
1209 1372 1338 1417 erat.

97 1436 187 1507 qui
215 1443 495 1507 postquam
523 1433 705 1488 didicit
735 1452 889 1488 casus
918 1435 1193 1503 utriusque
1224 1433 1434 1496 sororis,

167 1506 344 1561 ‘haec'
374 1505 546 1576 inquit
574 1506 752 1559 ‘tellus
781 1505 1266 1575 quantulacumque
1297 1514 1390 1558 tua
1419 1502 1536 1558 est.⁹

97 1586 150 1633 et
177 1586 353 1632 tamen
380 1576 593 1648 hospitii
623 1586 885 1631 servasset
915 1576 983 1630 ad
1013 1576 1200 1629 ultima
1228 1575 1446 1629 munus!

166 1649 259 1703 sed
288 1647 461 1702 timuit
489 1666 709 1718 magnas
738 1647 1106 1719 Pygmalionis
1136 1665 1282 1718 opes.

2 1707 7 1724 ⁵
97 1719 247 1792 signa
275 1728 611 1774 recensuerat
639 1718 721 1772 bis
752 1720 830 1772 sol
861 1738 982 1773 sua:
1014 1718 1198 1773 tertius
1228 1718 1340 1771 ibat

167 1809 358 1854 annus,
389 1798 442 1845 et
471 1790 627 1845 exilio
657 1799 796 1844 terra
824 1790 1060 1874 paranda
1089 1808 1229 1843 nova
1258 1799 1354 1843 est.

94 1861 256 1916 frater
284 1861 434 1916 adest
461 1861 706 1930 belloque
734 1871 881 1932 petit.
954 1881 1048 1915 rex
1079 1880 1226 1914 arma
1256 1878 1477 1954 perosus

167 1937 286 1986 ‘nos
317 1951 498 1986 sumus
527 1932 770 1995 inbelles,
801 1942 860 1985 tu
889 1931 1018 2003 fuge
1049 1931 1253 2003 sospes!
1312 1931 1402 1985 ait.

94 2003 236 2058 iussa
264 2003 404 2073 fugit
431 2011 695 2072 ventoque
723 2012 892 2057 ratem
923 2003 1201 2056 committit
1230 2012 1282 2057 et
1311 2001 1496 2056 undis:

168 2074 402 2144 asperior
428 2073 615 2142 quovis
644 2091 872 2142 aequore
902 2074 1066 2128 frater
1097 2083 1225 2127 erat.

7 2206 11 2218 ι
97 2153 175 2200 est
204 2163 370 2215 prope
399 2144 633 2215 piscosos
661 2144 887 2215 lapidosi
919 2143 1188 2198 Crathidis
1219 2162 1402 2197 amnes

166 2234 361 2286 parvus
393 2234 542 2286 ager:
575 2213 836 2269 Cameren
865 2216 1037 2269 incola
1066 2215 1223 2269 turba
1252 2223 1426 2269 vocat.

0 2286 12 2367 'g
94 2286 220 2340 illuc
251 2304 434 2340 cursus
464 2295 600 2349 erat3
630 2304 730 2340 nec
758 2286 968 2357 longius
998 2286 1133 2340 afuit
1161 2286 1303 2349 inde,

168 2375 327 2426 quam
358 2365 617 2426 quantum
645 2357 828 2411 novies
858 2358 1066 2411 mittere
1095 2357 1263 2410 funda
1292 2365 1484 2427 potest.

0 2422 3 2474 ἑ
97 2427 213 2482 vela
243 2427 438 2482 cadunt
466 2427 660 2499 prim0,
691 2437 744 2482 et
775 2428 936 2481 dubia
965 2429 1222 2481 librantur
1252 2428 1319 2480 ab
1351 2447 1497 2481 aura.

168 2498 375 2553 ‘findite
403 2498 648 2570 remigio'
679 2499 859 2552 navita
888 2499 1020 2553 dixit
1049 2498 1288 2568 ‘aquasl'

12 2577 19 2643 ὲ,
98 2569 328 2639 dumque
357 2579 545 2640 parant
573 2579 711 2623 torto
743 2570 1038 2625 subducere
1069 2570 1290 2624 carbasa
1317 2570 1445 2633 lino,

166 2641 455 2711 percutitur
482 2641 666 2711 rapido
696 2642 890 2712 puppis
921 2643 1129 2695 adunca
1156 2651 1283 2695 noto

97 2709 255 2780 inque
285 2721 472 2782 patens
502 2730 722 2781 aequor,
751 2713 950 2766 frustra
1015 2722 1251 2796 ugnante
1281 2711 1556 2783 magistro,

167 2781 357 2846 fertur,
388 2792 440 2836 et
469 2801 536 2837 ex
565 2783 732 2836 oculis
762 2784 877 2837 visa
904 2802 961 2839 re
1024 2794 1103 2854 glt
1131 2783 1345 2837 humus.

99 2852 342 2906 adsiliunt
372 2855 588 2917 fluctus,
618 2853 831 2923 imoque
861 2874 894 2908 a
922 2855 1133 2925 gurgite
1162 2863 1357 2925 pontus

167 2924 410 2988 vertitur,
440 2933 493 2978 et
523 2942 681 2978 canas
712 2926 894 2979 alveus
924 2925 1100 2978 haurit
1129 2943 1313 2994 aquas.

18 3037 20 3044 ,
99 2993 324 3048 vincitur
352 3014 436 3049 ars
466 3004 648 3058 vento,
677 3014 777 3050 nec
804 2996 912 3050 iam
942 2996 1242 3049 moderator
1271 2994 1493 3049 habenis

169 3065 348 3119 utitur.
422 3085 454 3120 a
482 3066 617 3120 votis
648 3067 723 3120 sic
752 3085 966 3136 quoque
993 3067 1164 3138 poscit
1192 3085 1366 3137 opem.

99 3134 322 3190 iactatur
349 3136 578 3191 tumidas
609 3139 733 3191 exul
761 3138 1058 3192 Phoenissa
1086 3157 1183 3210 per
1211 3138 1402 3201 undas,

169 3207 454 3278 umidaque
484 3226 514 3261 o
554 3210 726 3279 posita
755 3210 956 3263 lumina
985 3219 1132 3264 veste
1163 3209 1313 3280 tegit.

101 3284 226 3331 tunc
241 3279 483 3351 'primum
569 3280 657 3333 ido
688 3279 817 3334 felix
847 3290 926 3335 est
956 3280 1097 3335 dicta
1127 3280 1311 3343 sorori,

173 3356 224 3402 et
253 3367 618 3420 quaecumque
647 3351 880 3421 aliquam
909 3370 1128 3423 corpore
1157 3351 1350 3423 pressit
1378 3350 1619 3406 humum.

104 3416 310 3474 ducitur
338 3421 407 3474 ad
435 3421 678 3476 Laurens
708 3423 912 3494 ingenti
941 3423 1153 3477 flamine
1182 3423 1308 3476 litus

175 3491 363 3562 puppis
395 3501 446 3546 et
476 3493 726 3564 expositis
757 3495 1003 3548 omnibus
1032 3495 1225 3549 hausta
1252 3494 1404 3565 perit.

1476 3575 1534 3619 4⁸

1738 327 1807 382 51

1837 670 1926 711 560

1838 1024 1925 1067 565

1838 1379 1926 1420 570

1838 1735 1925 1777 575

1838 2090 1926 2132 580

1838 2444 1923 2486 585

1839 2800 1927 2842 590

1842 3157 1926 3197 595

1847 3508 1931 3549 600
