2158 3906
795 362 992 410 IBIDIS
1022 362 1264 410 256—343.

245 464 506 537 opprimat
533 464 710 519 hostili
739 467 920 537 tegula
949 466 1088 519 iacta
1116 484 1294 518 manu.

172 555 272 591 nec
302 546 416 599 tua,
446 553 606 605 quam
636 536 854 606 Pyrrhi,
885 537 1089 590 felicius
1120 554 1239 589 ossa
1269 535 1557 604 quiescant,

247 626 431 678 sparsa
459 625 554 677 per
582 607 898 661 Ambracias
930 626 1066 676 quae
1097 607 1306 660 iacuere
1336 606 1466 659 vias.

173 686 403 748 nataque
432 686 492 731 ut
521 678 790 731 Aeacidae
820 678 1004 731 iaculis
1041 677 1279 730 moriaris
1312 677 1536 730 adactis:

244 766 352 802 non
381 748 504 803 licet
532 748 633 802 hoc
665 746 847 802 Cereri
878 748 1208 801 dissimulare
1240 767 1467 801 sacrum.

173 828 338 890 utque
366 837 532 890 nepos
563 819 689 874 dicti
718 829 896 873 nostro
926 820 1083 872 modo
1115 819 1344 873 carmine
1375 818 1515 889 regis

114 896 115 899 ’
246 889 613 944 cantharidum
644 908 799 944 sucos
831 890 988 944 dante
1058 899 1236 944 arente
1265 890 1435 942 bibas.

174 970 265 1017 aut
296 961 385 1033 pia
414 970 464 1015 te
497 980 650 1016 caeso
682 962 886 1015 dicatur
916 961 1019 1014 adu
1043 973 1177 1023 tera,
1210 961 1362 1023 sicut,

245 1050 352 1102 qua
382 1032 570 1086 cecidit
599 1033 823 1086 Leucon
854 1032 1084 1095 vindice,
1117 1032 1258 1085 dicta
1284 1030 1374 1102 pia
1404 1040 1499 1084 est.

172 1103 334 1174 inque
363 1122 551 1174 pyram
581 1113 757 1158 tecum
789 1103 1057 1157 carissima
1087 1121 1309 1173 corpora
1338 1102 1534 1165 mittas,

245 1192 405 1244 quem
434 1175 593 1229 finem
623 1175 763 1228 vitae
796 1173 1191 1244 Sardanapalus
1221 1173 1397 1226 habet.

172 1254 337 1315 utque
367 1245 510 1298 Iovis
540 1245 735 1315 Libyci
764 1254 869 1299 tem
905 1245 1019 1298 lum
1049 1245 1245 1297 violare
1275 1252 1538 1314 parantes,

245 1325 364 1371 acta
392 1325 517 1370 noto
547 1317 725 1370 vultus
756 1334 854 1369 con
894 1324 947 1368 at
977 1315 1175 1368 harena
1204 1324 1340 1366 tuos.

171 1396 337 1457 utque
366 1395 674 1441 necatorum
701 1386 868 1440 Darei
898 1385 1084 1439 fraude
1117 1384 1353 1448 secundi,

245 1459 319 1512 sic
348 1467 440 1511 tua
470 1457 748 1511 subsidens
779 1458 995 1511 devoret
1027 1475 1120 1508 ora
1150 1455 1298 1508 cinis.

173 1540 266 1584 aut
294 1538 354 1582 ut
383 1528 623 1582 olivifera
652 1528 921 1597 quondam
954 1526 1184 1596 Sicyone
1214 1526 1451 1597 profecto

245 1599 312 1653 sit
341 1599 511 1670 frigus
541 1599 723 1652 mortis
755 1617 916 1652 causa
946 1597 1221 1667 famesque
1252 1607 1391 1650 tuae.

90 1695 93 1697 ·
173 1680 266 1725 aut
293 1678 354 1724 ut
383 1669 653 1724 Atarnites
684 1670 889 1723 insutus
921 1669 1058 1740 pelle
1088 1667 1299 1722 iuvenci

243 1741 468 1813 turpiter
497 1741 565 1795 ad
597 1741 870 1795 dominum
899 1740 1099 1812 praeda
1128 1739 1298 1793 ferare
1330 1748 1499 1792 tuum.

170 1811 331 1883 inque
361 1822 453 1866 tuo
479 1812 715 1867 thalamo
745 1812 850 1866 ritu
881 1812 1121 1883 iugulere
1151 1810 1397 1873 Pheraei,

243 1884 335 1954 qui
365 1884 519 1937 datus
550 1892 630 1938 est
658 1884 763 1938 leto
794 1883 1034 1953 coniugis
1065 1901 1190 1937 ense
1221 1901 1365 1935 suae.

172 1973 411 2025 quosque
441 1963 597 2026 putas
627 1954 786 2019 fidos,
817 1963 877 2007 ut
907 1954 1222 2007 Larissaeus
1252 1953 1456 2006 Aleuas

243 2027 460 2080 vulnere
490 2044 597 2079 non
626 2025 760 2079 fidos
791 2026 1061 2096 experiare
1091 2034 1200 2078 tuo,

171 2107 336 2167 utque
367 2097 526 2161 Milo,
558 2097 658 2150 sub
689 2114 794 2166 quo
825 2097 1056 2150 cruciata
1084 2105 1164 2150 est
1192 2095 1323 2148 Pisa
1352 2104 1595 2165 tyrann0,

243 2168 396 2222 vivus
426 2168 481 2221 in
512 2168 744 2222 occultas
775 2167 1134 2238 praecipiteris
1165 2184 1347 2235 aquas·

172 2257 414 2310 quaeque
444 2239 499 2293 in
529 2239 879 2292 Adimantum
908 2238 1147 2292 Phliasia
1176 2256 1341 2308 regna
1371 2245 1639 2290 tenentem

244 2330 276 2364 a
305 2311 435 2364 Iove
465 2319 745 2373 venerunt,
777 2319 828 2363 te
859 2328 1073 2379 quoque
1102 2309 1207 2363 tela
1235 2318 1433 2379 petant.

174 2391 266 2436 aut
294 2390 354 2435 ut
382 2381 728 2435 Amastriacis
758 2381 1028 2450 quondam
1058 2380 1363 2434 Lemnaeus
1395 2380 1463 2432 ab
1494 2378 1597 2431 oris

244 2453 418 2506 nudus
450 2452 694 2506 Achillea
723 2451 1021 2505 destituaris
1050 2451 1231 2504 humo.

173 2534 338 2594 utque
367 2524 452 2578 vel
483 2523 819 2607 Eurydamas
849 2532 928 2577 ter
957 2523 1155 2577 circum
1184 2522 1342 2575 busta
1370 2520 1639 2592 Thrasylli

245 2604 324 2649 est
352 2594 646 2649 Larissae1s
675 2603 858 2666 raptus
890 2595 958 2648 ab
988 2594 1137 2647 hoste
1166 2594 1312 2656 rotis,

176 2667 259 2720 vel
289 2666 404 2735 qui,
435 2684 571 2736 quae
600 2666 774 2720 fuerat
802 2675 1003 2719 tutatus
1033 2665 1242 2718 moenia
1272 2683 1447 2735 saepe,

248 2755 466 2807 corpore
495 2737 738 2790 lustravit
765 2755 873 2790 non
902 2737 1150 2790 diuturna
1179 2754 1294 2798 su0,

174 2817 341 2877 utque
369 2825 569 2861 novum
597 2826 755 2877 passa
781 2826 950 2878 genus
981 2806 1406 2877 Hippomeneide
1437 2823 1640 2876 poenae

247 2887 445 2932 tractus
473 2877 528 2931 in
558 2878 765 2931 Actaea
793 2878 960 2931 fertur
990 2878 1196 2931 adulter
1223 2877 1409 2929 humo:

178 2950 276 3014 sic,
306 2949 400 3002 ubi
428 2948 537 3002 vita
566 2958 684 3002 tuos
714 2948 884 3002 invisa
913 2948 1182 3017 reliquerit
1212 2956 1375 3011 artua,

248 3021 445 3074 ultores
475 3020 682 3091 rapiant
711 3029 863 3090 turpe
894 3019 1121 3072 cadaver
1151 3018 1290 3087 equi.

178 3091 382 3145 viscera
412 3090 488 3144 sic
518 3090 707 3160 aliquis
739 3091 988 3161 scopulus
1020 3100 1113 3143 tua
1141 3090 1293 3159 figat,
1324 3097 1383 3142 ut
1413 3089 1540 3142 olim

249 3163 357 3216 fixa
387 3162 486 3216 sub
515 3161 758 3215 Euboico
792 3160 959 3215 Graia
986 3162 1136 3215 fuere
1168 3161 1302 3213 sinu·

179 3243 343 3303 utque
372 3233 522 3287 ferox
552 3233 705 3304 periit
735 3242 786 3286 et
815 3233 1034 3286 fulmine
1066 3242 1118 3286 et
1147 3250 1375 3301 aequore
1406 3238 1602 3301 raptor,

253 3305 328 3358 sic
357 3314 409 3359 te
438 3323 700 3358 mersuras
732 3304 945 3358 adiuvet
972 3304 1111 3375 ignis
1142 3321 1324 3372 aquas·

182 3394 331 3430 mens
360 3393 571 3445 quoque
601 3376 676 3430 sic
705 3376 881 3429 Furiis
911 3394 1095 3429 vecors
1125 3375 1377 3445 agitetur,
1408 3382 1468 3426 ut
1498 3373 1589 3436 illi,

255 3465 421 3499 unum
451 3447 542 3515 qui
570 3456 680 3500 toto
710 3465 927 3517 corpore
957 3447 1150 3500 vulnus
1180 3446 1362 3499 habet:

186 3527 352 3586 utque
382 3516 746 3587 Dryantiadae
775 3518 1087 3590 Rhodopeia
1117 3536 1282 3588 regna
1311 3515 1526 3578 tenenti,

1782 347 1886 402 207

1917 477 2006 517 300

1919 830 2006 872 305

1918 1187 2007 1228 310

1918 1541 2005 1580 315

1918 1896 2006 1935 320

1860 2308 1865 2312 ⁵
1916 2251 2003 2291 325

1917 2609 2004 2649 330

1916 2962 2000 3002 335

1923 3319 2007 3358 340
