2158 3906
381 290 460 358 '82'
849 316 852 319 ·
940 313 993 356 P.
1029 312 1236 358 ovmn
1264 311 1535 358 NASONIS

385 418 475 470 illa
506 418 653 469 datos
684 416 854 468 fasces
886 414 1218 466 commendat
1247 414 1483 481 eburque
1515 414 1716 476 curule,

455 489 545 540 illa
576 486 834 539 coronatis
865 485 971 537 alta
1000 484 1286 554 triumphat
1319 483 1499 552 equis.³

387 560 592 611 finierat
620 575 775 609 voces
805 554 1178 624 Polyhymnia.
1254 555 1393 606 dicta
1421 554 1716 623 probarunt

461 628 685 694 Clioque
717 637 769 679 et
799 644 992 679 curvae
1024 626 1152 678 scita
1183 625 1373 677 Thalia
1401 625 1563 694 lyrae.

302 717 355 755 55
388 699 580 767 excipit
609 697 811 749 Uranie
838 726 911 733 -—
941 696 1115 749 fecere
1147 696 1353 748 silentia
1383 709 1620 757 cunctae,

459 779 510 821 et
540 787 642 820 vox
674 767 844 819 audiri
872 767 1019 819 nulla
1047 767 1148 819 nisi
1177 767 1268 819 illa
1296 775 1469 836 potest
1495 786 1589 817 —:

388 845 606 908 ‘magna
635 839 735 890 fuit
765 839 1035 906 quondam
1064 837 1248 907 capitis
1278 836 1571 890 reverentia
1601 837 1735 900 cani,

458 910 616 977 inque
648 928 743 961 suo
773 909 940 991 pretio
970 927 1106 978 ruga
1137 908 1312 960 senilis
1344 917 1471 960 erat.

298 1029 304 1035 .
387 980 578 1033 Martis
611 999 742 1049 opus
772 980 989 1032 iuvenes
1021 979 1362 1046 animosaque
1390 978 1530 1031 bella
1558 978 1817 1048 gerebant

304 1069 358 1107 60
459 1061 511 1104 et
538 1070 634 1121 pro
666 1051 744 1103 dis
777 1050 1038 1103 aderant
1022 1070 1078 1102 1n
1109 1050 1332 1102 statione
1363 1049 1494 1101 suis,

389 1123 588 1175 viribus
618 1122 729 1174 illa
739 1122 909 1174 minor
937 1140 1035 1174 nec
1064 1120 1322 1173 habendis
1351 1120 1494 1172 utilis
1526 1119 1684 1172 armis

461 1193 675 1245 consilio
706 1193 907 1263 patriae
939 1211 1095 1262 saepe
1126 1192 1331 1244 ferebat
1360 1209 1531 1260 opem.

387 1283 487 1317 nec
515 1264 615 1316 nisi
645 1273 765 1334 post
795 1282 958 1316 annos
988 1263 1159 1332 patuit
1187 1272 1314 1314 tunc
1344 1262 1490 1315 curia
1520 1280 1681 1324 serOS,

304 1382 311 1390 ,
460 1354 653 1387 nomen
683 1344 734 1387 et
765 1335 949 1387 aetatis
980 1335 1078 1386 rite
1110 1343 1322 1386 senatus
1354 1341 1527 1385 erat..

306 1425 357 1463 65
388 1407 504 1459 iura
535 1407 695 1458 dabat
723 1406 922 1475 populo
955 1405 1152 1467 senior3
1183 1404 1436 1472 finitaque
1468 1402 1622 1456 certis

458 1477 666 1546 legibus
699 1486 776 1529 est
807 1485 975 1538 aetas,
1006 1476 1146 1528 unde
1177 1484 1386 1544 petatur
1413 1474 1597 1526 honor.

391 1559 442 1600 et
472 1548 719 1600 medius
704 1567 979 1609 luvenum,
1011 1565 1118 1599 non
1147 1544 1587 1615 indignantibus
1573 1544 1720 1614 lpsis,

460 1619 594 1681 ibat,
627 1629 678 1670 et
707 1618 944 1680 interior,
976 1618 1019 1670 si
1051 1636 1225 1670 comes
1256 1635 1393 1668 unus
1425 1625 1550 1668 erat.

390 1690 554 1742 verba
584 1690 700 1756 quis
731 1689 948 1741 auderet
979 1707 1155 1741 coram
1186 1707 1309 1740 sene
1340 1687 1501 1756 digna
1529 1685 1723 1737 rubore

306 1779 361 1816 70
464 1761 667 1812 dicere?
699 1778 975 1812 censuram
1005 1761 1165 1828 longa
1194 1767 1406 1811 senecta
1436 1757 1612 1809 dabat.

390 1831 650 1885 Romulus
680 1831 780 1883 hoc
811 1831 942 1882 vidit
972 1830 1269 1897 selectaque
1300 1836 1515 1898 pectora
1543 1839 1720 1896 patres

464 1902 614 1954 dixit:
649 1901 716 1953 ad
746 1901 841 1954 hos
872 1902 1017 1953 urbis
1048 1919 1254 1952 summa
1282 1900 1448 1951 relata
1477 1916 1664 1950 novae.

390 1973 513 2025 hinc
544 1992 640 2025 sua
669 1973 894 2025 maiores
924 1972 1168 2023 tribuisse
1198 1970 1458 2023 vocabula
1485 1969 1635 2021 Maio

462 2054 653 2113 tangor
683 2053 734 2095 et
764 2043 924 2095 aetati
955 2041 1280 2095 consuluisse
1312 2060 1455 2093 suae.

307 2131 358 2169 75
392 2123 445 2167 et
472 2115 719 2166 Numitor
750 2113 943 2166 dixisse
973 2122 1146 2183 potest
1177 2113 1311 2174 “da,
1342 2096 1596 2174 Romule,
1626 2130 1863 2164 mensem

462 2185 604 2237 hunc
635 2185 887 2238 senibus’'
918 2203 1017 2237 nec
1046 2203 1206 2236 avum
1237 2183 1546 2236 sustinuisse
1575 2200 1757 2251 nepos.

390 2275 489 2309 nec
520 2257 635 2308 leve
666 2255 916 2338 propositi
947 2256 1139 2325 pignus
1171 2272 1442 2307 successor
1470 2253 1681 2305 honoris

462 2327 672 2389 Iunius,
704 2346 736 2379 a
764 2327 1015 2378 iuvenum
1045 2326 1254 2378 nomine
1287 2325 1482 2387 dictus,
1512 2322 1706 2376 habet'

311 2419 314 2423 ·
392 2407 517 2449 tunc
549 2397 645 2459 sic,
676 2398 942 2465 neglectos
972 2397 1167 2449 hedera
1195 2396 1436 2448 redimita
1466 2395 1698 2464 capiHOS,

307 2486 362 2524 80
463 2468 631 2537 prima
662 2469 743 2520 sui
773 2467 945 2537 coepit
977 2465 1249 2536 Calliopea
1279 2467 1446 2518 chori:

395 2539 640 2591 ‘duxerat
672 2536 922 2591 Oceanus
954 2538 1221 2605 quondam
1252 2537 1500 2589 Titanida
1530 2535 1760 2605 Tethyn,

465 2610 556 2677 qui
586 2619 779 2662 terram
808 2609 1043 2677 liquidis,
1074 2626 1182 2676 qua
1209 2618 1378 2677 patet,
1411 2607 1575 2660 ambit
1606 2607 1776 2675 aquis·

340 2719 342 2721 ψ
393 2681 516 2732 hinc
547 2690 662 2732 sata
689 2680 907 2733 Pleione
939 2699 1061 2732 cum
1091 2679 1335 2732 caelifero
1368 2679 1583 2730 Atlante

463 2752 722 2821 iungitur,
754 2761 811 2803 ut
840 2751 983 2803 fama
1013 2750 1500 2818 est,‘Ple'1'adasque
1530 2748 1682 2818 parit.

309 2839 362 2877 85
395 2841 618 2891 quarum
648 2822 799 2874 Maia
829 2841 950 2874 suas
981 2821 1151 2873 forma
1182 2831 1691 2890 superasse'sorores

466 2893 690 2945 traditur
720 2902 771 2945 et
801 2910 1007 2945 summo
1038 2892 1385 2944 concubuisse
1417 2891 1549 2943 Iovi.

394 2965 526 3017 haec
558 2964 712 3016 enixa
741 2964 867 3033 iugo
899 2963 1278 3032 cupressiferae
1311 2960 1576 3044 CylleneS,

468 3035 756 3087 aetherium
787 3035 986 3087 volucri
1017 3034 1109 3101 qui
1139 3034 1274 3102 pede
1306 3033 1472 3102 carpit
1500 3032 1614 3085 it.er

315 3142 318 3145 -
395 3106 634 3158 Arcades
664 3106 805 3158 hunc
834 3105 1132 3171 Ladonque
1162 3123 1326 3173 rapax
1358 3115 1409 3156 et
1439 3102 1765 3155 Maenalus
1750 3120 1940 3172 mgens

313 3192 367 3230 90
467 3176 564 3228 1ite
596 3177 796 3237 colunt,
828 3177 954 3227 luna
984 3175 1180 3227 credita
1209 3185 1348 3226 terra
1377 3174 1535 3255 pOrior.

398 3248 519 3299 exul
550 3246 617 3298 ab
648 3247 881 3298 Arcadia
912 3245 1096 3296 Latios
1126 3244 1420 3296 Euander
1406 3265 1461 3296 1n
1492 3261 1646 3313 agros

468 3326 704 3378 venerat,
736 3315 1006 3384 impositos
1039 3315 1389 3383 attuleratque
1420 3314 1563 3368 deos.

395 3388 482 3440 hic
513 3387 605 3438 ubi
634 3406 774 3438 nunc
803 3387 975 3439 Roma
1006 3394 1109 3447 est,
1143 3385 1282 3437 orbis
1314 3395 1496 3455 caput,
1528 3385 1683 3438 arbor
1713 3394 1765 3439 et
1793 3384 1991 3438 herbae
2045 3429 2050 3435 .

469 3467 521 3510 et
550 3476 751 3527 paucae
781 3457 1010 3528 pecudes
1041 3466 1093 3509 et
1123 3474 1245 3509 casa
1273 3474 1391 3508 rara
1421 3455 1536 3509 fuit.

2144 3567 2158 3622 ”⁴7-
