2158 3906
373 316 440 370 76
929 325 983 369 Ρ.
1017 323 1226 370 OVIDII
1253 323 1525 370 NASONIS
1603 351 1608 353 Δ

373 429 637 482 ‘consule’
671 427 799 479 dic‘
810 425 988 507 pecori
1018 425 1214 495 paliter
1243 426 1552 494 pecorisque
1583 426 1873 496 magistris.

446 499 666 568 effugiat
697 495 914 549 stabulis
944 514 1085 548 noxa
1115 497 1327 565 repulsa
1356 497 1504 549 meis.

375 572 483 622 sive
515 586 661 620 sacio
692 566 814 636 pavi
845 566 1023 620 sedive
1055 566 1153 618 sub
1185 567 1370 620 arbore
1402 585 1566 630 sacra,

262 661 343 697 750
445 640 744 719 pabulaque
777 656 805 689 e
836 636 1050 689 bustis
1035 637 1200 690 mscia
1232 637 1426 707 carpsit
1456 638 1591 690 ovis,

376 712 419 762 si
449 728 634 762 nemus
664 707 855 759 intravi
886 708 1129 769 vetitum,
1159 709 1418 761 nostrisve
1448 708 1665 777 fugatae

446 789 568 832 sunt
597 778 760 830 oculis
789 778 1055 848 nymphae
1086 779 1480 848 semicaperque
1512 779 1667 833 deus·

375 851 418 902 si
448 869 567 902 mea
596 850 706 901 falx
735 867 883 901 ramo
913 850 1093 903 lucum
1125 849 1367 919 spoliavit
1398 867 1581 918 opace,

444 921 585 973 unde
617 920 740 972 data
771 929 850 972 est
880 938 1070 989 aegrae
1099 920 1283 972 fiscina
1313 919 1516 972 frondis
1547 920 1658 972 ovi:

261 1011 341 1049 755
375 991 441 1044 da
471 991 679 1043 veniam
712 991 914 1060 culpae.
988 1009 1111 1054 nec,
1142 991 1269 1042 dum
1300 990 1671 1061 degrandinat,
1705 991 1861 1054 obsit,
1911 988 1913 990 ³

398 1088 401 1091 <
448 1062 641 1132 agresti
671 1061 796 1114 fano
828 1061 1167 1131 supposuisse
1197 1080 1377 1131 pecus.

372 1151 470 1186 nec
480 1104 687 1186 ξἠοοθειῖ
717 1133 957 1184 turbasse
986 1133 1149 1184 lacus.
1223 1132 1505 1202 ignoscite,
1535 1131 1819 1203 nymphae,

443 1213 587 1255 mota
617 1204 760 1272 quod
790 1203 1041 1256 obscuras
1072 1204 1273 1273 ungula
1303 1203 1428 1256 fecit
1460 1221 1643 1271 aquas,

373 1284 455 1337 tu,
488 1275 610 1336 dea,
642 1292 738 1344 pro
768 1274 921 1327 nobis
952 1274 1124 1327 fontes
1156 1275 1480 1342 fontanaque
1511 1275 1664 1343 placa
1729 1331 1734 1336 ,

261 1365 342 1403 760
443 1345 683 1406 numina,
717 1355 772 1397 tu
807 1363 1014 1414 sparsos
1044 1364 1139 1415 per
1168 1364 1355 1398 nemus
1387 1363 1540 1397 omne
1572 1345 1715 1397 deos·

373 1434 472 1469 nec
502 1416 751 1484 Dryadas
782 1434 881 1468 nec
909 1434 1005 1468 nos
1035 1416 1309 1468 videamus
1339 1416 1489 1468 labra
1517 1414 1728 1468 Dianae

445 1505 543 1540 nec
574 1487 847 1549 Faunum
877 1487 1054 1540 medio
1087 1505 1207 1539 cum
1238 1486 1428 1556 premit
1458 1505 1585 1538 arva
1616 1486 1717 1539 die.

374 1559 510 1627 pelle
541 1558 724 1627 procul
755 1558 990 1620 morbos3
1023 1558 1232 1610 valeant
1262 1557 1606 1625 hominesque
1637 1576 1954 1627 gregesque,

448 1639 499 1681 et
529 1629 739 1681 valeant
768 1628 976 1697 vigileS,
1008 1628 1229 1698 provida
1259 1628 1437 1691 turba,
1469 1646 1642 1680 canes.

262 1718 342 1756 765
374 1718 509 1752 neve
540 1700 713 1751 minus
745 1700 938 1751 multos
968 1699 1229 1769 redigam,
1262 1717 1422 1766 quam
1451 1717 1606 1750 mane
1636 1697 1865 1762 fuerunt,

445 1789 578 1822 neve
609 1789 819 1839 gemam
848 1743 1115 1822 refe1·⁵ens
1112 1771 1307 1822 vellera
1337 1778 1486 1838 rapta
1515 1769 1658 1838 lupo.

374 1840 554 1892 absit
541 1841 723 1909 miqua
752 1841 944 1903 fameS,
976 1840 1170 1893 herbae
1201 1840 1521 1907 frondesque
1552 1839 1830 1909 supersint,

448 1929 689 1979 quaeque
718 1912 897 1964 lavent
927 1921 1095 1974 artUS,
1127 1928 1369 1978 quaeque
1400 1910 1670 1972 bibantur,
1702 1929 1892 1978 aquae.

375 1982 539 2034 ubera
568 1984 725 2051 plena
753 2001 1014 2051 premam,
1044 1982 1238 2035 referat
1266 1981 1396 2033 mihi
1427 2000 1610 2034 caseus
1642 2001 1780 2044 aera,

262 2072 344 2109 770
448 2053 677 2120 dentque
708 2053 848 2104 viam
877 2052 1078 2121 liquido
1109 2052 1306 2105 vimina
1334 2071 1453 2105 rara
1484 2070 1617 2105 sero·

376 2123 547 2191 sitque
579 2124 725 2175 salax
756 2124 914 2185 arieS,
947 2133 1306 2193 conceptaque
1337 2123 1537 2176 semina
1567 2122 1797 2175 coniunx

446 2194 656 2256 reddat,
689 2204 740 2247 et
769 2195 823 2246 in
855 2194 1062 2247 stabulo
1093 2196 1259 2247 multa
1290 2194 1355 2246 sit
1386 2213 1524 2264 agna
1553 2212 1688 2247 meo.
1744 2232 1749 2237 -

372 2266 600 2333 lanaque
629 2266 905 2335 proveniat
933 2266 1104 2318 nullas
1133 2266 1341 2318 laesura
1369 2265 1589 2335 puellaS,

446 2336 616 2388 mollis
648 2346 700 2388 et
731 2336 798 2388 ad
828 2345 1033 2388 teneras
1065 2335 1355 2404 quamlibet
1384 2345 1507 2405 apta
1537 2355 1741 2388 manue.

263 2426 342 2463 775
375 2424 509 2475 quae
539 2425 748 2475 precor,
780 2407 1044 2459 eveniant:
1077 2415 1129 2459 et
1157 2424 1253 2458 nos
1283 2405 1540 2459 faciamus
1572 2406 1639 2458 ad
1671 2426 1867 2460 annum

448 2488 719 2546 pastorum
751 2477 992 2530 dominae
1022 2477 1245 2546 grandia
1273 2476 1381 2529 liba
1409 2476 1563 2528 Pali?

375 2547 457 2599 his
490 2548 588 2600 dea
618 2548 876 2616 placanda
907 2557 1007 2610 est3
1038 2548 1169 2600 haec
1200 2557 1258 2599 tu
1289 2565 1572 2600 conversus
1604 2547 1671 2600 ad
1702 2558 1848 2600 ortus

449 2618 533 2670 dic
563 2628 748 2686 quater
778 2627 830 2671 et
859 2619 980 2670 vivo
1009 2619 1190 2688 perlue
1220 2636 1337 2671 rore
1367 2637 1571 2670 manus.

376 2697 488 2740 tum
519 2689 641 2742 licet
671 2689 934 2759 adposita,
966 2690 1129 2742 veluti
1161 2698 1384 2751 cratere,
1416 2689 1636 2742 camella

264 2778 345 2816 780
446 2760 528 2813 lac
557 2760 772 2812 niveum
803 2770 952 2829 potes
982 2777 1409 2829 purpureamque
1440 2779 1647 2830 sapam:

375 2849 606 2897 moxque
637 2850 731 2900 per
761 2831 1003 2884 ardentes
1035 2832 1257 2901 stipulae
1289 2831 1590 2901 crepitantis
1622 2849 1839 2884 acervos

447 2901 654 2954 traicias
686 2902 840 2955 celeri
870 2911 1086 2955 strenua
1112 2902 1351 2955 membra
1379 2902 1532 2972 pede.

376 2973 645 3041 expositus
675 2990 790 3025 mos
821 2983 921 3026 est:
953 2973 1111 3025 moris
1143 2972 1272 3024 mihi
1301 2983 1463 3026 restat
1493 2973 1657 3043 origo·

448 3044 603 3097 turba
632 3043 759 3096 facit
789 3043 1010 3096 dubium
1042 3052 1332 3113 coeptaque
1361 3052 1539 3096 nostra
1569 3052 1727 3096 tenet.

264 3131 343 3169 785
376 3114 551 3166 omnia
579 3123 773 3183 purgat
803 3115 938 3166 edax
968 3114 1105 3183 ignis
1136 3114 1427 3182 vitiumque
1456 3114 1680 3166 metallis

449 3185 715 3252 excoquit:
747 3184 941 3237 idcirco
972 3202 1092 3239 cum
1124 3184 1257 3236 duce
1287 3192 1481 3253 purgat
1510 3184 1654 3236 ovis?

376 3274 467 3316 an,
500 3255 624 3322 quia
655 3263 962 3307 cunctarum
993 3255 1251 3307 contraria
1282 3254 1482 3307 semina
1510 3272 1686 3306 rerum

448 3334 569 3377 sunt
600 3324 705 3377 duo
737 3324 1024 3386 discordes,
1055 3325 1190 3393 ignis
1223 3333 1274 3377 et
1303 3324 1471 3386 unda,
1503 3323 1605 3387 dei,

376 3397 660 3449 iunxerunt
690 3396 948 3448 elementa
977 3405 1151 3464 patres
1184 3404 1470 3464 aptumque
1499 3403 1751 3464 putarunt

264 3483 345 3523 790
447 3466 660 3537 ignibus
691 3475 743 3519 et
773 3485 954 3536 sparsa
983 3476 1198 3535 tangere
1230 3483 1418 3535 corpus
1449 3466 1616 3535 aqua?

2124 2698 2134 2701 r

2151 3781 2158 3789 v
2146 2571 2158 3748 ffmss*
2156 2491 2158 2502 m
2156 2457 2158 2465 .
2157 2424 2158 2438 ⁴
