2158 3906
407 325 513 378 220
960 333 1016 376 ΡΑ.
1051 334 1258 379 OVIDII
1287 333 1561 381 NASONIS

412 456 538 508 ergo
569 446 675 488 tam
707 434 940 504 placidas
972 444 1149 487 oratorr
1175 436 1365 488 missus
1397 436 1465 488 ad
1496 456 1667 501 aureS,

481 517 540 559 ut
570 506 780 575 propior
809 505 1008 574 patriae
1040 506 1106 558 sit
1135 506 1266 575 fuga
1294 515 1498 570 nostra,
1528 527 1674 578 roga.

411 580 496 630 ille
529 595 627 646 ego
659 595 798 638 sum,
832 576 922 643 qui
953 585 1003 629 te
1035 577 1194 639 colui,
1226 594 1384 645 quem
1414 577 1549 631 festa
1580 579 1782 633 solebat

301 668 381 707 130
482 649 617 700 inter
648 646 896 699 convivas
927 666 1110 700 mensa
1139 647 1316 701 videre
1347 657 1488 701 tuos:

412 719 498 772 ille
531 736 653 787 eg0,
686 717 776 785 qui
808 717 934 769 duxi
964 727 1165 772 vestros
1196 720 1549 788 Hymenaeon
1580 721 1648 773 ad
1676 720 1829 791 ignes

485 797 536 841 et
567 787 732 840 cecini
763 787 937 840 fausto
970 789 1202 842 carmina
1233 790 1396 859 digna
1424 799 1562 854 tor03

413 860 561 912 cuius
592 868 644 912 te
676 858 886 911 solitum
915 859 1131 913 memini
1161 861 1378 913 laudare
1407 861 1629 925 libellos,

486 929 742 1000 exceptis,
776 930 987 983 domino
1019 931 1110 999 qui
1139 949 1366 984 nocuere
1397 950 1517 995 suo3

300 1020 379 1057 135
415 1001 498 1054 cui
529 1010 620 1053 tua
648 1019 1047 1069 nonnumquam
1076 1001 1287 1054 miranti
1318 1001 1511 1072 scripta
1538 1003 1754 1073 legebas
1765 1025 1778 1066 3

480 1072 566 1125 ille
598 1090 720 1141 eg0‚
753 1072 818 1124 de
850 1081 1025 1125 vestra
1056 1072 1141 1125 cui
1174 1074 1297 1125 data
1324 1073 1679 1143 nupta0domo
1711 1085 1805 1127 est.

408 1143 545 1196 hanc
574 1143 764 1212 probat
795 1152 846 1195 et
876 1143 1044 1212 primo
1076 1143 1321 1197 dilectam
1352 1163 1562 1214 semper
1592 1145 1659 1197 ab
1691 1160 1822 1198 aevo

483 1223 560 1266 est
590 1215 725 1266 inter
755 1215 971 1267 comites
1002 1214 1210 1267 Marcia
1241 1233 1399 1268 censa
1429 1234 1568 1278 suas,

409 1285 568 1352 inque
600 1285 706 1337 suis
738 1284 922 1337 habuit
951 1294 1232 1338 matertera
1263 1283 1507 1338 Caesaris
1539 1295 1682 1340 ante:

300 1374 380 1412 140
485 1374 708 1423 quarum
738 1355 931 1408 iudicio
962 1357 1006 1408 si
1036 1374 1141 1424 qua
1171 1356 1416 1427 probata,
1447 1358 1616 1427 proba
1644 1365 1740 1410 est.

411 1427 525 1495 ipsa
556 1445 652 1478 sua
682 1426 866 1480 melior
894 1427 1061 1490 fama,
1091 1427 1431 1480 laudantibus
1460 1428 1589 1491 istis,

484 1496 711 1549 Claudia
742 1497 919 1549 divina
948 1516 1054 1550 non
1086 1499 1317 1568 eguisset
1347 1517 1461 1568 ope.

409 1587 504 1620 nos
537 1585 747 1636 quoque
777 1568 1087 1637 praeteritos
1119 1569 1230 1622 sine
1261 1570 1380 1622 labe
1409 1569 1711 1639 peregimus
1744 1588 1930 1624 annost

481 1639 721 1708 proxima
749 1658 871 1708 pars
903 1640 1041 1692 vitae
1071 1640 1411 1693 transilienda
1439 1659 1605 1693 meae.

300 1727 378 1764 145
413 1710 505 1762 sed
537 1710 601 1762 de
631 1728 716 1762 me
746 1718 805 1761 ut
836 1710 1041 1773 sileam,
1076 1712 1305 1763 coniunx
1336 1730 1454 1764 mea
1485 1711 1688 1763 sarcina
1718 1720 1893 1765 vestra
1922 1720 2033 1765 estz
2105 1761 2110 1767 .

483 1799 589 1832 non
618 1790 768 1849 potes
800 1780 936 1833 hanc
968 1782 1113 1834 salva
1143 1783 1470 1834 dissimulare
1500 1782 1620 1834 fide.

414 1851 654 1920 confugit
682 1851 813 1903 haec
845 1852 911 1903 ad
942 1870 1061 1915 vos,
1092 1861 1292 1905 vestras
1324 1852 1658 1921 amplectitur
1688 1872 1804 1906 aras
1833 1882 1905 1890 --

481 1922 594 1974 iure
624 1922 767 1974 venit
798 1922 965 1974 cultos
996 1922 1064 1975 ad
1095 1923 1195 1974 sibi
1225 1923 1448 1991 quisque
1480 1923 1606 1975 deos
1636 1953 1707 1960 —-

409 1993 646 2060 flensque
676 2002 853 2062 rogat,
885 1993 1128 2062 precibus
1158 1994 1318 2046 lenito
1352 1992 1582 2047 Caesare
1612 1994 1815 2056 vestris,

298 2081 379 2119 150
481 2063 636 2115 busta
668 2063 746 2115 sui
778 2063 907 2116 fiant
936 2072 995 2116 ut
1024 2065 1270 2134 propiora
1299 2065 1412 2117 viri.

1207 2178 1311 2230 III.

409 2277 566 2327 Hanc
596 2275 690 2327 tibi
720 2275 865 2328 Naso
897 2286 1020 2329 tuus
1051 2277 1232 2335 mittit,
1264 2277 1479 2340 Rufine‚
1512 2279 1758 2332 salutem:
1817 2277 1921 2321 RU
1925 2277 2002 2322 FI
2004 2277 2061 2321 N
2065 2278 2119 2323 0·

481 2346 572 2413 qui
601 2347 759 2399 miser
791 2356 891 2409 est,
922 2348 1015 2399 ulli
1046 2348 1089 2399 si
1121 2367 1246 2400 suus
1277 2367 1391 2401 esse
1422 2359 1611 2418 potest.

409 2417 615 2469 reddita
645 2417 895 2470 confusae
925 2437 1095 2487 nuper
1126 2419 1320 2471 solacia
1350 2420 1513 2472 menti

483 2485 737 2539 auxilium
767 2488 957 2540 nostris
989 2506 1243 2558 spemque
1272 2489 1439 2542 tulere
1469 2490 1637 2542 malis.

354 2577 378 2615 5
411 2566 574 2625 utque
605 2557 937 2611 Machaoniis
968 2558 1256 2612 Poeantius
1288 2561 1486 2613 artibus
1517 2561 1670 2614 heros

481 2624 642 2680 lenitd
672 2629 932 2681 medicam
963 2631 1180 2683 vulnere
1210 2631 1372 2683 sensit
1402 2650 1574 2701 opem,

412 2699 486 2751 sic
517 2717 617 2769 ego
647 2710 822 2752 mente
852 2701 1028 2752 iacens
1060 2710 1110 2753 et
1141 2702 1331 2754 acerbo
1362 2702 1570 2755 saucius
1601 2703 1710 2756 ictu

483 2770 753 2822 admonitu
785 2771 933 2840 coepi
963 2771 1147 2823 fortior
1177 2791 1291 2825 esse
1321 2781 1437 2826 tuo:

410 2849 462 2893 et
491 2841 597 2893 iam
627 2841 874 2894 deficiens
906 2842 979 2894 sic
1010 2843 1078 2894 ad
1107 2853 1199 2895 tua
1229 2843 1392 2897 verba
1420 2845 1604 2908 revixi,

327 2930 379 2968 10
480 2921 539 2963 ut
569 2912 699 2964 solet
729 2912 904 2964 infuso
936 2932 1071 2966 vena
1100 2915 1268 2967 redire
1299 2933 1460 2968 mero·

409 3000 514 3035 non
545 2992 722 3035 tamen
753 2984 991 3036 exhibuit
1021 2994 1192 3037 tant-as
1224 2985 1473 3038 facundia
1502 2987 1657 3050 vireS,

478 3062 538 3105 ut
566 3073 685 3106 mea
718 3053 820 3106 sint
852 3054 1002 3107 dictis
1031 3066 1246 3125 pectora
1275 3075 1403 3109 sana
1431 3057 1551 3109 tuis.

406 3133 465 3176 ut
494 3124 719 3176 multum
751 3126 931 3178 demas
960 3135 1168 3179 nostrae
1201 3127 1265 3179 de
1294 3127 1504 3196 gurgite
1536 3145 1709 3190 curae,

478 3213 584 3246 non
615 3196 789 3248 minus
820 3196 1098 3258 exhaustO,
1130 3198 1272 3264 quod
1303 3197 1595 3266 superabit,
1627 3198 1738 3250 erit.

323 3282 376 3320 15
408 3273 641 3334 tempore
673 3266 894 3318 ducetur
922 3267 1081 3335 longo
1112 3267 1335 3320 fortasse
1366 3268 1596 3320 cicatrix.

477 3336 689 3387 horrent
720 3337 956 3388 admotas
987 3337 1205 3389 vulnera
1236 3337 1398 3390 cruda
1428 3357 1630 3390 manus·

406 3425 514 3459 non
545 3415 622 3459 est
651 3406 706 3458 in
735 3406 939 3459 medico
970 3426 1199 3476 semper,
1230 3409 1491 3460 relevetur
1519 3418 1577 3460 ut
1609 3427 1791 3480 aeger:

477 3476 742 3530 interdum
773 3476 927 3531 docta
956 3478 1075 3547 plus
1106 3478 1244 3532 valet
1275 3488 1384 3532 arte
1414 3479 1628 3532 malum.
