<?xml version="1.0" encoding="UTF-8"?>
<!DOCTYPE html PUBLIC "-//W3C//DTD XHTML 1.0 Transitional//EN"
    "http://www.w3.org/TR/xhtml1/DTD/xhtml1-transitional.dtd">
<html xmlns="http://www.w3.org/1999/xhtml" xml:lang="en" lang="en">
 <head>
  <title>
</title>
<meta http-equiv="Content-Type" content="text/html;charset=utf-8" />
  <meta name='ocr-system' content='tesseract 3.04.00' />
  <meta name='ocr-capabilities' content='ocr_page ocr_carea ocr_par ocr_line ocrx_word'/>
</head>
<body>
  <div class='ocr_page' id='page_1' title='image "./carminaov03oviduoft_0208.png"; bbox 0 0 2158 3906; ppageno 0'>
   <div class='ocr_carea' id='block_1_1' title="bbox 310 306 1454 381">
    <p class='ocr_par' dir='ltr' id='par_1_1' title="bbox 310 306 1454 381">
     <span class='ocr_line' id='line_1_1' title="bbox 310 306 1454 381; baseline -0.002 -1"><span class='ocrx_word' id='word_1_1' title='bbox 310 329 412 381; x_wconf 83' lang='lat'>170</span> <span class='ocrx_word' id='word_1_2' title='bbox 862 306 914 379; x_wconf 79' lang='grc' dir='ltr'>Ρ.</span> <span class='ocrx_word' id='word_1_3' title='bbox 948 334 1155 381; x_wconf 81' lang='lat' dir='ltr'>ov1D11</span> <span class='ocrx_word' id='word_1_4' title='bbox 1184 333 1454 380; x_wconf 76' lang='lat' dir='ltr'>NAsoMs</span> 
     </span>
    </p>
   </div>
   <div class='ocr_carea' id='block_1_2' title="bbox 227 435 1906 2136">
    <p class='ocr_par' dir='ltr' id='par_1_2' title="bbox 227 435 1906 2136">
     <span class='ocr_line' id='line_1_2' title="bbox 311 435 1604 510; baseline -0.004 -16"><span class='ocrx_word' id='word_1_5' title='bbox 311 452 547 510; x_wconf 87' lang='lat' dir='ltr'>tempora</span> <span class='ocrx_word' id='word_1_6' title='bbox 574 439 825 492; x_wconf 89' lang='lat' dir='ltr'>Phoebea</span> <span class='ocrx_word' id='word_1_7' title='bbox 854 437 1002 489; x_wconf 91' lang='lat' dir='ltr'>lauro</span> <span class='ocrx_word' id='word_1_8' title='bbox 1034 436 1334 505; x_wconf 83' lang='lat' dir='ltr'>cingentur,</span> <span class='ocrx_word' id='word_1_9' title='bbox 1364 435 1568 503; x_wconf 85' lang='lat' dir='ltr'>‘io’que</span> <span class='ocrx_word' id='word_1_10' title='bbox 1596 437 1604 443; x_wconf 77' lang='grc'><strong><em>’</em></strong></span> 
     </span>
     <span class='ocr_line' id='line_1_3' title="bbox 383 506 1660 577; baseline -0.005 -14"><span class='ocrx_word' id='word_1_11' title='bbox 383 512 557 571; x_wconf 89' lang='lat' dir='ltr'>miles,</span> <span class='ocrx_word' id='word_1_12' title='bbox 590 509 705 571; x_wconf 91' lang='lat' dir='ltr'>‘i0,&#39;</span> <span class='ocrx_word' id='word_1_13' title='bbox 737 526 932 577; x_wconf 82' lang='lat' dir='ltr'>magna</span> <span class='ocrx_word' id='word_1_14' title='bbox 960 525 1090 559; x_wconf 88' lang='lat' dir='ltr'>voce</span> <span class='ocrx_word' id='word_1_15' title='bbox 1121 506 1458 575; x_wconf 86' lang='lat' dir='ltr'>‘Triumphe&#39;</span> <span class='ocrx_word' id='word_1_16' title='bbox 1493 514 1660 559; x_wconf 87' lang='lat' dir='ltr'>canet.</span> 
     </span>
     <span class='ocr_line' id='line_1_4' title="bbox 311 577 1702 652; baseline -0.006 -17"><span class='ocrx_word' id='word_1_17' title='bbox 311 583 423 652; x_wconf 87' lang='lat' dir='ltr'>ipse</span> <span class='ocrx_word' id='word_1_18' title='bbox 456 599 582 633; x_wconf 91' lang='lat' dir='ltr'>sono</span> <span class='ocrx_word' id='word_1_19' title='bbox 612 581 907 649; x_wconf 86' lang='lat' dir='ltr'>plausuque</span> <span class='ocrx_word' id='word_1_20' title='bbox 939 578 1094 630; x_wconf 90' lang='lat' dir='ltr'>simul</span> <span class='ocrx_word' id='word_1_21' title='bbox 1123 577 1442 645; x_wconf 86' lang='lat' dir='ltr'><strong>fremituque</strong></span> <span class='ocrx_word' id='word_1_22' title='bbox 1472 577 1702 629; x_wconf 87' lang='lat' dir='ltr'>calentes</span> 
     </span>
     <span class='ocr_line' id='line_1_5' title="bbox 384 648 1609 719; baseline -0.003 -17"><span class='ocrx_word' id='word_1_23' title='bbox 384 650 724 719; x_wconf 83' lang='lat' dir='ltr'>quadriiugos</span> <span class='ocrx_word' id='word_1_24' title='bbox 755 667 935 702; x_wconf 88' lang='lat' dir='ltr'>cernes</span> <span class='ocrx_word' id='word_1_25' title='bbox 968 667 1126 718; x_wconf 87' lang='lat' dir='ltr'>saepe</span> <span class='ocrx_word' id='word_1_26' title='bbox 1156 648 1397 701; x_wconf 88' lang='lat' dir='ltr'>resistere</span> <span class='ocrx_word' id='word_1_27' title='bbox 1429 665 1609 715; x_wconf 76' lang='lat' dir='ltr'>equos·</span> 
     </span>
     <span class='ocr_line' id='line_1_6' title="bbox 227 718 1534 790; baseline -0.007 -11"><span class='ocrx_word' id='word_1_28' title='bbox 227 741 281 779; x_wconf 80' lang='lat'>55</span> <span class='ocrx_word' id='word_1_29' title='bbox 313 722 434 775; x_wconf 89' lang='lat' dir='ltr'>inde</span> <span class='ocrx_word' id='word_1_30' title='bbox 465 730 611 790; x_wconf 87' lang='lat' dir='ltr'>petes</span> <span class='ocrx_word' id='word_1_31' title='bbox 642 738 840 782; x_wconf 88' lang='lat' dir='ltr'>arcem,</span> <span class='ocrx_word' id='word_1_32' title='bbox 872 719 1093 772; x_wconf 88' lang='lat' dir='ltr'>delubra</span> <span class='ocrx_word' id='word_1_33' title='bbox 1120 718 1354 772; x_wconf 86' lang='lat' dir='ltr'>faventia</span> <span class='ocrx_word' id='word_1_34' title='bbox 1382 718 1534 780; x_wconf 75' lang='lat' dir='ltr'>votiS,</span> 
     </span>
     <span class='ocr_line' id='line_1_7' title="bbox 384 789 1412 845; baseline -0.003 -1"><span class='ocrx_word' id='word_1_35' title='bbox 384 802 435 845; x_wconf 93' lang='lat' dir='ltr'>et</span> <span class='ocrx_word' id='word_1_36' title='bbox 465 791 676 844; x_wconf 88' lang='lat' dir='ltr'>dabitur</span> <span class='ocrx_word' id='word_1_37' title='bbox 704 791 890 844; x_wconf 86' lang='lat' dir='ltr'>merito</span> <span class='ocrx_word' id='word_1_38' title='bbox 919 790 1100 843; x_wconf 87' lang='lat' dir='ltr'>laurea</span> <span class='ocrx_word' id='word_1_39' title='bbox 1130 798 1253 842; x_wconf 88' lang='lat' dir='ltr'>vota</span> <span class='ocrx_word' id='word_1_40' title='bbox 1281 789 1412 842; x_wconf 87' lang='lat' dir='ltr'>Iovi.</span> 
     </span>
     <span class='ocr_line' id='line_1_8' title="bbox 312 858 1782 932; baseline -0.003 -17"><span class='ocrx_word' id='word_1_41' title='bbox 312 863 442 915; x_wconf 87' lang='lat' dir='ltr'>haec</span> <span class='ocrx_word' id='word_1_42' title='bbox 474 880 573 932; x_wconf 86' lang='lat' dir='ltr'>ego</span> <span class='ocrx_word' id='word_1_43' title='bbox 604 870 923 925; x_wconf 90' lang='lat' dir='ltr'>summotus,</span> <span class='ocrx_word' id='word_1_44' title='bbox 954 879 1060 930; x_wconf 90' lang='lat' dir='ltr'>qua</span> <span class='ocrx_word' id='word_1_45' title='bbox 1089 879 1329 930; x_wconf 90' lang='lat' dir='ltr'>possum,</span> <span class='ocrx_word' id='word_1_46' title='bbox 1360 868 1536 914; x_wconf 85' lang='lat' dir='ltr'>mente</span> <span class='ocrx_word' id='word_1_47' title='bbox 1566 858 1782 922; x_wconf 79' lang='lat' dir='ltr'>videb03</span> 
     </span>
     <span class='ocr_line' id='line_1_9' title="bbox 385 931 1301 1003; baseline -0.004 -16"><span class='ocrx_word' id='word_1_48' title='bbox 385 933 551 1003; x_wconf 85' lang='lat' dir='ltr'><strong>erepti</strong></span> <span class='ocrx_word' id='word_1_49' title='bbox 580 933 732 986; x_wconf 87' lang='lat' dir='ltr'>nobis</span> <span class='ocrx_word' id='word_1_50' title='bbox 762 932 845 985; x_wconf 90' lang='lat' dir='ltr'>ius</span> <span class='ocrx_word' id='word_1_51' title='bbox 875 932 1036 985; x_wconf 88' lang='lat' dir='ltr'>habet</span> <span class='ocrx_word' id='word_1_52' title='bbox 1064 931 1155 984; x_wconf 91' lang='lat' dir='ltr'>illa</span> <span class='ocrx_word' id='word_1_53' title='bbox 1184 931 1301 984; x_wconf 89' lang='lat' dir='ltr'>loci.</span> 
     </span>
     <span class='ocr_line' id='line_1_10' title="bbox 313 1002 1514 1074; baseline -0.002 -18"><span class='ocrx_word' id='word_1_54' title='bbox 313 1004 404 1057; x_wconf 89' lang='lat' dir='ltr'>illa</span> <span class='ocrx_word' id='word_1_55' title='bbox 432 1023 527 1074; x_wconf 90' lang='lat' dir='ltr'>per</span> <span class='ocrx_word' id='word_1_56' title='bbox 556 1003 821 1057; x_wconf 86' lang='lat' dir='ltr'>inmensas</span> <span class='ocrx_word' id='word_1_57' title='bbox 853 1004 1109 1073; x_wconf 86' lang='lat' dir='ltr'>spatiatur</span> <span class='ocrx_word' id='word_1_58' title='bbox 1136 1002 1302 1055; x_wconf 87' lang='lat' dir='ltr'>libera</span> <span class='ocrx_word' id='word_1_59' title='bbox 1331 1010 1514 1064; x_wconf 78' lang='lat' dir='ltr'>terraS,</span> 
     </span>
     <span class='ocr_line' id='line_1_11' title="bbox 230 1072 1380 1143; baseline -0.006 -12"><span class='ocrx_word' id='word_1_60' title='bbox 230 1093 286 1131; x_wconf 82' lang='lat'>60</span> <span class='ocrx_word' id='word_1_61' title='bbox 386 1075 441 1127; x_wconf 91' lang='lat' dir='ltr'>in</span> <span class='ocrx_word' id='word_1_62' title='bbox 473 1075 678 1128; x_wconf 86' lang='lat' dir='ltr'>caelum</span> <span class='ocrx_word' id='word_1_63' title='bbox 707 1075 862 1128; x_wconf 88' lang='lat' dir='ltr'>celeri</span> <span class='ocrx_word' id='word_1_64' title='bbox 893 1073 1132 1143; x_wconf 88' lang='lat' dir='ltr'>pervenit</span> <span class='ocrx_word' id='word_1_65' title='bbox 1159 1073 1250 1125; x_wconf 91' lang='lat' dir='ltr'>illa</span> <span class='ocrx_word' id='word_1_66' title='bbox 1278 1072 1380 1125; x_wconf 88' lang='lat' dir='ltr'>via.</span> 
     </span>
     <span class='ocr_line' id='line_1_12' title="bbox 314 1142 1608 1199; baseline -0.004 0"><span class='ocrx_word' id='word_1_67' title='bbox 314 1147 405 1199; x_wconf 90' lang='lat' dir='ltr'>illa</span> <span class='ocrx_word' id='word_1_68' title='bbox 435 1164 579 1199; x_wconf 89' lang='lat' dir='ltr'>meos</span> <span class='ocrx_word' id='word_1_69' title='bbox 611 1147 790 1199; x_wconf 90' lang='lat' dir='ltr'>oculos</span> <span class='ocrx_word' id='word_1_70' title='bbox 821 1145 1051 1199; x_wconf 90' lang='lat' dir='ltr'>mediam</span> <span class='ocrx_word' id='word_1_71' title='bbox 1081 1144 1307 1197; x_wconf 83' lang='lat' dir='ltr'>deducet</span> <span class='ocrx_word' id='word_1_72' title='bbox 1335 1143 1390 1195; x_wconf 92' lang='lat' dir='ltr'>in</span> <span class='ocrx_word' id='word_1_73' title='bbox 1420 1142 1608 1195; x_wconf 91' lang='lat' dir='ltr'>urbem</span> 
     </span>
     <span class='ocr_line' id='line_1_13' title="bbox 386 1214 1415 1276; baseline -0.003 -7"><span class='ocrx_word' id='word_1_74' title='bbox 386 1218 647 1270; x_wconf 86' lang='lat' dir='ltr'>immunes</span> <span class='ocrx_word' id='word_1_75' title='bbox 677 1216 810 1270; x_wconf 88' lang='lat' dir='ltr'>tanti</span> <span class='ocrx_word' id='word_1_76' title='bbox 838 1234 938 1276; x_wconf 86' lang='lat' dir='ltr'>nec</span> <span class='ocrx_word' id='word_1_77' title='bbox 967 1216 1101 1269; x_wconf 90' lang='lat' dir='ltr'>sinet</span> <span class='ocrx_word' id='word_1_78' title='bbox 1132 1234 1245 1268; x_wconf 88' lang='lat' dir='ltr'>esse</span> <span class='ocrx_word' id='word_1_79' title='bbox 1277 1214 1415 1267; x_wconf 91' lang='lat' dir='ltr'>boni.</span> 
     </span>
     <span class='ocr_line' id='line_1_14' title="bbox 315 1284 1780 1356; baseline -0.003 -16"><span class='ocrx_word' id='word_1_80' title='bbox 315 1288 653 1356; x_wconf 86' lang='lat' dir='ltr'>invenietque</span> <span class='ocrx_word' id='word_1_81' title='bbox 684 1288 914 1350; x_wconf 91' lang='lat' dir='ltr'>animus,</span> <span class='ocrx_word' id='word_1_82' title='bbox 946 1305 1051 1356; x_wconf 88' lang='lat' dir='ltr'>qua</span> <span class='ocrx_word' id='word_1_83' title='bbox 1082 1304 1266 1340; x_wconf 88' lang='lat' dir='ltr'>currus</span> <span class='ocrx_word' id='word_1_84' title='bbox 1297 1293 1497 1355; x_wconf 85' lang='lat' dir='ltr'>spectet</span> <span class='ocrx_word' id='word_1_85' title='bbox 1527 1284 1780 1337; x_wconf 72' lang='lat' dir='ltr'>eburnost</span> 
     </span>
     <span class='ocr_line' id='line_1_15' title="bbox 389 1357 1605 1429; baseline -0.004 -18"><span class='ocrx_word' id='word_1_86' title='bbox 389 1360 463 1412; x_wconf 90' lang='lat' dir='ltr'>sic</span> <span class='ocrx_word' id='word_1_87' title='bbox 494 1368 633 1412; x_wconf 88' lang='lat' dir='ltr'>certe</span> <span class='ocrx_word' id='word_1_88' title='bbox 662 1359 718 1412; x_wconf 93' lang='lat' dir='ltr'>in</span> <span class='ocrx_word' id='word_1_89' title='bbox 747 1357 917 1429; x_wconf 85' lang='lat' dir='ltr'>patria</span> <span class='ocrx_word' id='word_1_90' title='bbox 946 1377 1041 1428; x_wconf 85' lang='lat' dir='ltr'>per</span> <span class='ocrx_word' id='word_1_91' title='bbox 1069 1358 1230 1411; x_wconf 86' lang='lat' dir='ltr'>breve</span> <span class='ocrx_word' id='word_1_92' title='bbox 1260 1366 1468 1426; x_wconf 86' lang='lat' dir='ltr'>tempus</span> <span class='ocrx_word' id='word_1_93' title='bbox 1500 1373 1605 1407; x_wconf 87' lang='lat' dir='ltr'>erc.</span> 
     </span>
     <span class='ocr_line' id='line_1_16' title="bbox 231 1425 1611 1500; baseline -0.006 -15"><span class='ocrx_word' id='word_1_94' title='bbox 231 1447 285 1485; x_wconf 85' lang='lat'>65</span> <span class='ocrx_word' id='word_1_95' title='bbox 317 1449 442 1483; x_wconf 88' lang='lat' dir='ltr'>vera</span> <span class='ocrx_word' id='word_1_96' title='bbox 471 1439 647 1483; x_wconf 84' lang='lat' dir='ltr'>tamen</span> <span class='ocrx_word' id='word_1_97' title='bbox 678 1430 849 1500; x_wconf 85' lang='lat' dir='ltr'>capiet</span> <span class='ocrx_word' id='word_1_98' title='bbox 878 1429 1107 1499; x_wconf 88' lang='lat' dir='ltr'>populus</span> <span class='ocrx_word' id='word_1_99' title='bbox 1139 1428 1438 1498; x_wconf 87' lang='lat' dir='ltr'>spectacula</span> <span class='ocrx_word' id='word_1_100' title='bbox 1467 1425 1611 1487; x_wconf 88' lang='lat' dir='ltr'>felix,</span> 
     </span>
     <span class='ocr_line' id='line_1_17' title="bbox 388 1496 1685 1570; baseline -0.004 -17"><span class='ocrx_word' id='word_1_101' title='bbox 388 1501 631 1569; x_wconf 88' lang='lat' dir='ltr'>laetaque</span> <span class='ocrx_word' id='word_1_102' title='bbox 662 1501 759 1554; x_wconf 88' lang='lat' dir='ltr'>erit</span> <span class='ocrx_word' id='word_1_103' title='bbox 787 1519 1035 1570; x_wconf 81' lang='lat' dir='ltr'>praesens</span> <span class='ocrx_word' id='word_1_104' title='bbox 1068 1518 1188 1552; x_wconf 93' lang='lat' dir='ltr'>cum</span> <span class='ocrx_word' id='word_1_105' title='bbox 1220 1498 1354 1551; x_wconf 86' lang='lat' dir='ltr'>duce</span> <span class='ocrx_word' id='word_1_106' title='bbox 1384 1496 1539 1549; x_wconf 88' lang='lat' dir='ltr'>turba</span> <span class='ocrx_word' id='word_1_107' title='bbox 1571 1514 1685 1549; x_wconf 81' lang='lat' dir='ltr'>suo.</span> 
     </span>
     <span class='ocr_line' id='line_1_18' title="bbox 318 1571 1539 1640; baseline -0.004 -16"><span class='ocrx_word' id='word_1_108' title='bbox 318 1580 370 1625; x_wconf 89' lang='lat' dir='ltr'>at</span> <span class='ocrx_word' id='word_1_109' title='bbox 401 1572 530 1624; x_wconf 92' lang='lat' dir='ltr'>mihi</span> <span class='ocrx_word' id='word_1_110' title='bbox 558 1571 780 1640; x_wconf 85' lang='lat' dir='ltr'>fingenti</span> <span class='ocrx_word' id='word_1_111' title='bbox 808 1580 1013 1623; x_wconf 84' lang='lat' dir='ltr'>tantum</span> <span class='ocrx_word' id='word_1_112' title='bbox 1043 1571 1307 1639; x_wconf 87' lang='lat' dir='ltr'>longeque</span> <span class='ocrx_word' id='word_1_113' title='bbox 1337 1577 1539 1622; x_wconf 88' lang='lat' dir='ltr'>remoto</span> 
     </span>
     <span class='ocr_line' id='line_1_19' title="bbox 389 1639 1495 1711; baseline -0.004 -16"><span class='ocrx_word' id='word_1_114' title='bbox 389 1643 603 1695; x_wconf 90' lang='lat' dir='ltr'>auribus</span> <span class='ocrx_word' id='word_1_115' title='bbox 634 1643 719 1695; x_wconf 92' lang='lat' dir='ltr'>hic</span> <span class='ocrx_word' id='word_1_116' title='bbox 748 1642 952 1695; x_wconf 85' lang='lat' dir='ltr'>fructus</span> <span class='ocrx_word' id='word_1_117' title='bbox 981 1639 1350 1711; x_wconf 88' lang='lat' dir='ltr'>percipiendus</span> <span class='ocrx_word' id='word_1_118' title='bbox 1381 1639 1495 1701; x_wconf 89' lang='lat' dir='ltr'>erit,</span> 
     </span>
     <span class='ocr_line' id='line_1_20' title="bbox 319 1709 1707 1783; baseline -0.005 -16"><span class='ocrx_word' id='word_1_119' title='bbox 319 1722 476 1782; x_wconf 85' lang='lat' dir='ltr'>atque</span> <span class='ocrx_word' id='word_1_120' title='bbox 505 1714 690 1783; x_wconf 90' lang='lat' dir='ltr'>procul</span> <span class='ocrx_word' id='word_1_121' title='bbox 719 1713 877 1765; x_wconf 88' lang='lat' dir='ltr'>Latio</span> <span class='ocrx_word' id='word_1_122' title='bbox 908 1713 1173 1764; x_wconf 88' lang='lat' dir='ltr'>diversum</span> <span class='ocrx_word' id='word_1_123' title='bbox 1203 1711 1394 1763; x_wconf 88' lang='lat' dir='ltr'>missus</span> <span class='ocrx_word' id='word_1_124' title='bbox 1424 1709 1479 1761; x_wconf 91' lang='lat' dir='ltr'>in</span> <span class='ocrx_word' id='word_1_125' title='bbox 1510 1709 1707 1772; x_wconf 90' lang='lat' dir='ltr'>orbem,</span> 
     </span>
     <span class='ocr_line' id='line_1_21' title="bbox 236 1780 1504 1853; baseline -0.006 -15"><span class='ocrx_word' id='word_1_126' title='bbox 236 1801 289 1838; x_wconf 84' lang='lat'>70</span> <span class='ocrx_word' id='word_1_127' title='bbox 389 1784 481 1852; x_wconf 90' lang='lat' dir='ltr'>qui</span> <span class='ocrx_word' id='word_1_128' title='bbox 510 1792 686 1837; x_wconf 90' lang='lat' dir='ltr'>narret</span> <span class='ocrx_word' id='word_1_129' title='bbox 714 1783 930 1853; x_wconf 92' lang='lat' dir='ltr'>cupid0,</span> <span class='ocrx_word' id='word_1_130' title='bbox 960 1783 1050 1835; x_wconf 86' lang='lat' dir='ltr'>vix</span> <span class='ocrx_word' id='word_1_131' title='bbox 1081 1783 1200 1844; x_wconf 79' lang='lat' dir='ltr'>erit,</span> <span class='ocrx_word' id='word_1_132' title='bbox 1232 1781 1332 1833; x_wconf 88' lang='lat' dir='ltr'>ista</span> <span class='ocrx_word' id='word_1_133' title='bbox 1361 1780 1504 1832; x_wconf 91' lang='lat' dir='ltr'>mihi.</span> 
     </span>
     <span class='ocr_line' id='line_1_22' title="bbox 317 1848 1906 1923; baseline -0.004 -15"><span class='ocrx_word' id='word_1_134' title='bbox 317 1855 362 1908; x_wconf 89' lang='lat' dir='ltr'>is</span> <span class='ocrx_word' id='word_1_135' title='bbox 393 1873 605 1923; x_wconf 89' lang='lat' dir='ltr'>quoque</span> <span class='ocrx_word' id='word_1_136' title='bbox 635 1854 741 1906; x_wconf 90' lang='lat' dir='ltr'>iam</span> <span class='ocrx_word' id='word_1_137' title='bbox 773 1873 948 1907; x_wconf 87' lang='lat' dir='ltr'>serum</span> <span class='ocrx_word' id='word_1_138' title='bbox 978 1853 1170 1906; x_wconf 86' lang='lat' dir='ltr'>referet</span> <span class='ocrx_word' id='word_1_139' title='bbox 1198 1861 1535 1918; x_wconf 86' lang='lat' dir='ltr'>veteremque</span> <span class='ocrx_word' id='word_1_140' title='bbox 1565 1848 1906 1919; x_wconf 88' lang='lat' dir='ltr'>triumphum.</span> 
     </span>
     <span class='ocr_line' id='line_1_23' title="bbox 390 1923 1577 1994; baseline -0.005 -16"><span class='ocrx_word' id='word_1_141' title='bbox 390 1944 496 1994; x_wconf 90' lang='lat' dir='ltr'>quo</span> <span class='ocrx_word' id='word_1_142' title='bbox 527 1935 705 1978; x_wconf 89' lang='lat' dir='ltr'>tamen</span> <span class='ocrx_word' id='word_1_143' title='bbox 735 1925 951 1977; x_wconf 86' lang='lat' dir='ltr'>audiero</span> <span class='ocrx_word' id='word_1_144' title='bbox 981 1933 1240 1993; x_wconf 87' lang='lat' dir='ltr'>tempore,</span> <span class='ocrx_word' id='word_1_145' title='bbox 1272 1923 1440 1975; x_wconf 87' lang='lat' dir='ltr'>laetus</span> <span class='ocrx_word' id='word_1_146' title='bbox 1472 1939 1577 1973; x_wconf 87' lang='lat' dir='ltr'>erc.</span> 
     </span>
     <span class='ocr_line' id='line_1_24' title="bbox 319 1993 1581 2064; baseline -0.004 -16"><span class='ocrx_word' id='word_1_147' title='bbox 319 1996 408 2049; x_wconf 92' lang='lat' dir='ltr'>illa</span> <span class='ocrx_word' id='word_1_148' title='bbox 439 1996 550 2049; x_wconf 87' lang='lat' dir='ltr'>dies</span> <span class='ocrx_word' id='word_1_149' title='bbox 580 1996 780 2057; x_wconf 86' lang='lat' dir='ltr'>veniet,</span> <span class='ocrx_word' id='word_1_150' title='bbox 812 2014 934 2048; x_wconf 90' lang='lat' dir='ltr'>mea</span> <span class='ocrx_word' id='word_1_151' title='bbox 960 2013 1064 2063; x_wconf 88' lang='lat' dir='ltr'>qua</span> <span class='ocrx_word' id='word_1_152' title='bbox 1094 1993 1342 2064; x_wconf 86' lang='lat' dir='ltr'>lugubria</span> <span class='ocrx_word' id='word_1_153' title='bbox 1370 2011 1581 2062; x_wconf 91' lang='lat' dir='ltr'>ponam,</span> 
     </span>
     <span class='ocr_line' id='line_1_25' title="bbox 392 2063 1473 2136; baseline -0.005 -16"><span class='ocrx_word' id='word_1_154' title='bbox 392 2084 656 2135; x_wconf 80' lang='lat' dir='ltr'>causaque</span> <span class='ocrx_word' id='word_1_155' title='bbox 686 2067 892 2136; x_wconf 85' lang='lat' dir='ltr'>privata</span> <span class='ocrx_word' id='word_1_156' title='bbox 921 2065 1135 2135; x_wconf 90' lang='lat' dir='ltr'>publica</span> <span class='ocrx_word' id='word_1_157' title='bbox 1164 2064 1331 2117; x_wconf 89' lang='lat' dir='ltr'>maior</span> <span class='ocrx_word' id='word_1_158' title='bbox 1361 2063 1473 2117; x_wconf 89' lang='lat' dir='ltr'>erit.</span> 
     </span>
    </p>
   </div>
   <div class='ocr_carea' id='block_1_3' title="bbox 1120 2178 1225 2231">
    <p class='ocr_par' dir='ltr' id='par_1_3' title="bbox 1120 2178 1225 2231">
     <span class='ocr_line' id='line_1_26' title="bbox 1120 2178 1225 2231; baseline 0 0"><span class='ocrx_word' id='word_1_159' title='bbox 1120 2178 1225 2231; x_wconf 90' lang='grc' dir='ltr'><strong>ΙΙΙ.</strong></span> 
     </span>
    </p>
   </div>
   <div class='ocr_carea' id='block_1_4' title="bbox 244 2274 1929 3552">
    <p class='ocr_par' dir='ltr' id='par_1_4' title="bbox 244 2274 1929 3552">
     <span class='ocr_line' id='line_1_27' title="bbox 320 2274 1893 2350; baseline -0.004 -17"><span class='ocrx_word' id='word_1_160' title='bbox 320 2280 527 2350; x_wconf 83' lang='lat' dir='ltr'>Magna</span> <span class='ocrx_word' id='word_1_161' title='bbox 555 2279 831 2348; x_wconf 89' lang='lat' dir='ltr'>minorque</span> <span class='ocrx_word' id='word_1_162' title='bbox 862 2278 1029 2341; x_wconf 88' lang='lat' dir='ltr'>ferae,</span> <span class='ocrx_word' id='word_1_163' title='bbox 1061 2296 1287 2346; x_wconf 91' lang='lat' dir='ltr'>quarum</span> <span class='ocrx_word' id='word_1_164' title='bbox 1316 2277 1458 2347; x_wconf 86' lang='lat' dir='ltr'>regis</span> <span class='ocrx_word' id='word_1_165' title='bbox 1489 2276 1651 2329; x_wconf 88' lang='lat' dir='ltr'>altera</span> <span class='ocrx_word' id='word_1_166' title='bbox 1683 2274 1893 2338; x_wconf 79' lang='lat' dir='ltr'>GraiaS‚</span> 
     </span>
     <span class='ocr_line' id='line_1_28' title="bbox 393 2347 1498 2417; baseline -0.005 -13"><span class='ocrx_word' id='word_1_167' title='bbox 393 2353 557 2404; x_wconf 88' lang='lat' dir='ltr'>altera</span> <span class='ocrx_word' id='word_1_168' title='bbox 589 2349 858 2412; x_wconf 85' lang='lat' dir='ltr'>Sidonias,</span> <span class='ocrx_word' id='word_1_169' title='bbox 889 2359 1114 2417; x_wconf 84' lang='lat' dir='ltr'>utraque</span> <span class='ocrx_word' id='word_1_170' title='bbox 1143 2349 1305 2410; x_wconf 88' lang='lat' dir='ltr'>sicca,</span> <span class='ocrx_word' id='word_1_171' title='bbox 1336 2347 1498 2400; x_wconf 81' lang='lat' dir='ltr'>rates!</span> 
     </span>
     <span class='ocr_line' id='line_1_29' title="bbox 323 2418 1588 2490; baseline -0.005 -15"><span class='ocrx_word' id='word_1_172' title='bbox 323 2423 499 2476; x_wconf 90' lang='lat' dir='ltr'>omnia</span> <span class='ocrx_word' id='word_1_173' title='bbox 528 2439 650 2474; x_wconf 92' lang='lat' dir='ltr'>cum</span> <span class='ocrx_word' id='word_1_174' title='bbox 681 2439 886 2473; x_wconf 90' lang='lat' dir='ltr'>summo</span> <span class='ocrx_word' id='word_1_175' title='bbox 916 2420 1120 2490; x_wconf 87' lang='lat' dir='ltr'>positae</span> <span class='ocrx_word' id='word_1_176' title='bbox 1149 2418 1371 2471; x_wconf 86' lang='lat' dir='ltr'>videatis</span> <span class='ocrx_word' id='word_1_177' title='bbox 1402 2419 1456 2469; x_wconf 87' lang='lat' dir='ltr'>in</span> <span class='ocrx_word' id='word_1_178' title='bbox 1489 2436 1588 2470; x_wconf 87' lang='lat' dir='ltr'>axe</span> 
     </span>
     <span class='ocr_line' id='line_1_30' title="bbox 394 2490 1522 2556; baseline -0.004 -11"><span class='ocrx_word' id='word_1_179' title='bbox 394 2502 446 2545; x_wconf 89' lang='lat' dir='ltr'>et</span> <span class='ocrx_word' id='word_1_180' title='bbox 475 2491 635 2544; x_wconf 87' lang='lat' dir='ltr'>maris</span> <span class='ocrx_word' id='word_1_181' title='bbox 666 2491 912 2544; x_wconf 90' lang='lat' dir='ltr'>occiduas</span> <span class='ocrx_word' id='word_1_182' title='bbox 942 2510 1049 2543; x_wconf 91' lang='lat' dir='ltr'>non</span> <span class='ocrx_word' id='word_1_183' title='bbox 1079 2490 1310 2543; x_wconf 84' lang='lat' dir='ltr'>subeatis</span> <span class='ocrx_word' id='word_1_184' title='bbox 1341 2506 1522 2556; x_wconf 79' lang='lat' dir='ltr'>aquaS,</span> 
     </span>
     <span class='ocr_line' id='line_1_31' title="bbox 267 2560 1672 2631; baseline -0.004 -15"><span class='ocrx_word' id='word_1_185' title='bbox 267 2580 292 2617; x_wconf 87' lang='lat'>5</span> <span class='ocrx_word' id='word_1_186' title='bbox 325 2563 716 2630; x_wconf 86' lang='lat' dir='ltr'>aetheriamque</span> <span class='ocrx_word' id='word_1_187' title='bbox 748 2562 855 2614; x_wconf 87' lang='lat' dir='ltr'>suis</span> <span class='ocrx_word' id='word_1_188' title='bbox 887 2562 1103 2631; x_wconf 85' lang='lat' dir='ltr'>cingens</span> <span class='ocrx_word' id='word_1_189' title='bbox 1134 2560 1465 2629; x_wconf 87' lang='lat' dir='ltr'>amplexibus</span> <span class='ocrx_word' id='word_1_190' title='bbox 1498 2577 1672 2612; x_wconf 84' lang='lat' dir='ltr'>arcem</span> 
     </span>
     <span class='ocr_line' id='line_1_32' title="bbox 395 2630 1537 2687; baseline -0.004 -1"><span class='ocrx_word' id='word_1_191' title='bbox 395 2643 569 2687; x_wconf 88' lang='lat' dir='ltr'>vester</span> <span class='ocrx_word' id='word_1_192' title='bbox 599 2633 666 2685; x_wconf 92' lang='lat' dir='ltr'>ab</span> <span class='ocrx_word' id='word_1_193' title='bbox 696 2634 891 2685; x_wconf 90' lang='lat' dir='ltr'>intacta</span> <span class='ocrx_word' id='word_1_194' title='bbox 922 2633 1148 2685; x_wconf 90' lang='lat' dir='ltr'>circulus</span> <span class='ocrx_word' id='word_1_195' title='bbox 1180 2639 1323 2683; x_wconf 85' lang='lat' dir='ltr'>extet</span> <span class='ocrx_word' id='word_1_196' title='bbox 1352 2630 1537 2682; x_wconf 84' lang='lat' dir='ltr'>humo:</span> 
     </span>
     <span class='ocr_line' id='line_1_33' title="bbox 325 2699 1929 2775; baseline -0.004 -17"><span class='ocrx_word' id='word_1_197' title='bbox 325 2705 541 2775; x_wconf 86' lang='lat' dir='ltr'>aspicite</span> <span class='ocrx_word' id='word_1_198' title='bbox 571 2704 685 2766; x_wconf 86' lang='lat' dir='ltr'>illa,</span> <span class='ocrx_word' id='word_1_199' title='bbox 716 2722 925 2773; x_wconf 87' lang='lat' dir='ltr'>precor,</span> <span class='ocrx_word' id='word_1_200' title='bbox 956 2720 1093 2771; x_wconf 89' lang='lat' dir='ltr'>quae</span> <span class='ocrx_word' id='word_1_201' title='bbox 1122 2720 1229 2754; x_wconf 91' lang='lat' dir='ltr'>non</span> <span class='ocrx_word' id='word_1_202' title='bbox 1258 2701 1394 2754; x_wconf 88' lang='lat' dir='ltr'>bene</span> <span class='ocrx_word' id='word_1_203' title='bbox 1422 2700 1632 2753; x_wconf 89' lang='lat' dir='ltr'>moenia</span> <span class='ocrx_word' id='word_1_204' title='bbox 1662 2699 1929 2769; x_wconf 85' lang='lat' dir='ltr'>quondam</span> 
     </span>
     <span class='ocr_line' id='line_1_34' title="bbox 397 2772 1416 2835; baseline -0.003 -8"><span class='ocrx_word' id='word_1_205' title='bbox 397 2775 588 2828; x_wconf 88' lang='lat' dir='ltr'>dicitur</span> <span class='ocrx_word' id='word_1_206' title='bbox 616 2774 811 2827; x_wconf 89' lang='lat' dir='ltr'>Iliades</span> <span class='ocrx_word' id='word_1_207' title='bbox 842 2773 1165 2827; x_wconf 87' lang='lat' dir='ltr'>transiluisse</span> <span class='ocrx_word' id='word_1_208' title='bbox 1196 2772 1416 2835; x_wconf 88' lang='lat' dir='ltr'>Remus,</span> 
     </span>
     <span class='ocr_line' id='line_1_35' title="bbox 325 2842 1750 2915; baseline -0.004 -16"><span class='ocrx_word' id='word_1_209' title='bbox 325 2847 484 2915; x_wconf 90' lang='lat' dir='ltr'>inque</span> <span class='ocrx_word' id='word_1_210' title='bbox 514 2864 688 2898; x_wconf 89' lang='lat' dir='ltr'>meam</span> <span class='ocrx_word' id='word_1_211' title='bbox 717 2844 908 2898; x_wconf 86' lang='lat' dir='ltr'>nitidos</span> <span class='ocrx_word' id='word_1_212' title='bbox 940 2844 1207 2897; x_wconf 89' lang='lat' dir='ltr'>dominam</span> <span class='ocrx_word' id='word_1_213' title='bbox 1239 2842 1525 2896; x_wconf 88' lang='lat' dir='ltr'>convertite</span> <span class='ocrx_word' id='word_1_214' title='bbox 1555 2842 1750 2904; x_wconf 87' lang='lat' dir='ltr'>vultus,</span> 
     </span>
     <span class='ocr_line' id='line_1_36' title="bbox 244 2913 1688 2985; baseline -0.005 -14"><span class='ocrx_word' id='word_1_215' title='bbox 244 2934 296 2972; x_wconf 92' lang='lat'>10</span> <span class='ocrx_word' id='word_1_216' title='bbox 398 2917 567 2985; x_wconf 89' lang='lat' dir='ltr'>sitque</span> <span class='ocrx_word' id='word_1_217' title='bbox 597 2934 799 2970; x_wconf 89' lang='lat' dir='ltr'>memor</span> <span class='ocrx_word' id='word_1_218' title='bbox 827 2916 991 2969; x_wconf 86' lang='lat' dir='ltr'>nostri</span> <span class='ocrx_word' id='word_1_219' title='bbox 1020 2933 1213 2977; x_wconf 87' lang='lat' dir='ltr'>necne,</span> <span class='ocrx_word' id='word_1_220' title='bbox 1243 2914 1434 2967; x_wconf 86' lang='lat' dir='ltr'>referte</span> <span class='ocrx_word' id='word_1_221' title='bbox 1465 2913 1608 2965; x_wconf 87' lang='lat' dir='ltr'>mihi.</span> <span class='ocrx_word' id='word_1_222' title='bbox 1635 2952 1647 2964; x_wconf 93' lang='lat'><strong>.</strong></span> <span class='ocrx_word' id='word_1_223' title='bbox 1676 2952 1688 2965; x_wconf 92' lang='lat'><strong>.</strong></span> 
     </span>
     <span class='ocr_line' id='line_1_37' title="bbox 327 2983 1872 3055; baseline -0.003 -14"><span class='ocrx_word' id='word_1_224' title='bbox 327 2987 375 3041; x_wconf 86' lang='lat' dir='ltr'>ei</span> <span class='ocrx_word' id='word_1_225' title='bbox 404 2987 555 3049; x_wconf 89' lang='lat' dir='ltr'>mihi,</span> <span class='ocrx_word' id='word_1_226' title='bbox 574 3006 668 3040; x_wconf 91' lang='lat' dir='ltr'>cur</span> <span class='ocrx_word' id='word_1_227' title='bbox 710 2987 958 3041; x_wconf 85' lang='lat' dir='ltr'>timeam?</span> <span class='ocrx_word' id='word_1_228' title='bbox 988 3004 1124 3055; x_wconf 86' lang='lat' dir='ltr'>quac</span> <span class='ocrx_word' id='word_1_229' title='bbox 1155 2994 1276 3038; x_wconf 87' lang='lat' dir='ltr'>sunt</span> <span class='ocrx_word' id='word_1_230' title='bbox 1305 2984 1607 3046; x_wconf 88' lang='lat' dir='ltr'>manifesta,</span> <span class='ocrx_word' id='word_1_231' title='bbox 1639 2983 1872 3051; x_wconf 87' lang='lat' dir='ltr'>requiro:</span> 
     </span>
     <span class='ocr_line' id='line_1_38' title="bbox 400 3055 1649 3129; baseline -0.005 -18"><span class='ocrx_word' id='word_1_232' title='bbox 400 3077 493 3111; x_wconf 95' lang='lat' dir='ltr'>cur</span> <span class='ocrx_word' id='word_1_233' title='bbox 521 3058 670 3128; x_wconf 30' lang='lat' dir='ltr'>labat,</span> <span class='ocrx_word' id='word_1_234' title='bbox 696 3058 946 3129; x_wconf 85' lang='lat' dir='ltr'>ambiguo</span> <span class='ocrx_word' id='word_1_235' title='bbox 979 3076 1098 3128; x_wconf 89' lang='lat' dir='ltr'>spes</span> <span class='ocrx_word' id='word_1_236' title='bbox 1129 3076 1248 3109; x_wconf 88' lang='lat' dir='ltr'>mea</span> <span class='ocrx_word' id='word_1_237' title='bbox 1278 3056 1444 3108; x_wconf 84' lang='lat' dir='ltr'>mixta</span> <span class='ocrx_word' id='word_1_238' title='bbox 1473 3055 1649 3108; x_wconf 80' lang='lat' dir='ltr'>metu?</span> 
     </span>
     <span class='ocr_line' id='line_1_39' title="bbox 330 3124 1668 3197; baseline -0.004 -15"><span class='ocrx_word' id='word_1_239' title='bbox 330 3130 506 3191; x_wconf 86' lang='lat' dir='ltr'>crede,</span> <span class='ocrx_word' id='word_1_240' title='bbox 537 3129 680 3197; x_wconf 93' lang='lat' dir='ltr'>quod</span> <span class='ocrx_word' id='word_1_241' title='bbox 710 3134 790 3183; x_wconf 82' lang='lat' dir='ltr'>est</span> <span class='ocrx_word' id='word_1_242' title='bbox 818 3138 872 3183; x_wconf 88' lang='lat' dir='ltr'>et</span> <span class='ocrx_word' id='word_1_243' title='bbox 900 3128 1004 3192; x_wconf 78' lang='lat' dir='ltr'>viS,</span> <span class='ocrx_word' id='word_1_244' title='bbox 1036 3146 1098 3180; x_wconf 89' lang='lat' dir='ltr'>ac</span> <span class='ocrx_word' id='word_1_245' title='bbox 1130 3128 1308 3179; x_wconf 88' lang='lat' dir='ltr'>desine</span> <span class='ocrx_word' id='word_1_246' title='bbox 1339 3136 1454 3178; x_wconf 86' lang='lat' dir='ltr'>tuta</span> <span class='ocrx_word' id='word_1_247' title='bbox 1483 3124 1668 3187; x_wconf 88' lang='lat' dir='ltr'>vereri,</span> 
     </span>
     <span class='ocr_line' id='line_1_40' title="bbox 402 3197 1447 3268; baseline -0.003 -17"><span class='ocrx_word' id='word_1_248' title='bbox 402 3200 571 3268; x_wconf 87' lang='lat' dir='ltr'>deque</span> <span class='ocrx_word' id='word_1_249' title='bbox 602 3200 705 3252; x_wconf 85' lang='lat' dir='ltr'>fide</span> <span class='ocrx_word' id='word_1_250' title='bbox 736 3208 879 3253; x_wconf 88' lang='lat' dir='ltr'>certa</span> <span class='ocrx_word' id='word_1_251' title='bbox 907 3199 974 3251; x_wconf 87' lang='lat' dir='ltr'>sit</span> <span class='ocrx_word' id='word_1_252' title='bbox 1003 3198 1099 3250; x_wconf 88' lang='lat' dir='ltr'>tibi</span> <span class='ocrx_word' id='word_1_253' title='bbox 1129 3207 1271 3250; x_wconf 88' lang='lat' dir='ltr'>certa</span> <span class='ocrx_word' id='word_1_254' title='bbox 1300 3197 1447 3249; x_wconf 89' lang='lat' dir='ltr'>fides.</span> 
     </span>
     <span class='ocr_line' id='line_1_41' title="bbox 247 3266 1816 3339; baseline -0.004 -14"><span class='ocrx_word' id='word_1_255' title='bbox 247 3287 296 3325; x_wconf 84' lang='lat'>15</span> <span class='ocrx_word' id='word_1_256' title='bbox 329 3270 578 3339; x_wconf 86' lang='lat' dir='ltr'>quodque</span> <span class='ocrx_word' id='word_1_257' title='bbox 608 3270 730 3339; x_wconf 90' lang='lat' dir='ltr'>polo</span> <span class='ocrx_word' id='word_1_258' title='bbox 759 3271 897 3321; x_wconf 89' lang='lat' dir='ltr'>fixae</span> <span class='ocrx_word' id='word_1_259' title='bbox 927 3277 1197 3336; x_wconf 87' lang='lat' dir='ltr'>nequeunt</span> <span class='ocrx_word' id='word_1_260' title='bbox 1226 3267 1322 3319; x_wconf 88' lang='lat' dir='ltr'>tibi</span> <span class='ocrx_word' id='word_1_261' title='bbox 1353 3267 1526 3319; x_wconf 87' lang='lat' dir='ltr'>dicere</span> <span class='ocrx_word' id='word_1_262' title='bbox 1555 3266 1816 3327; x_wconf 83' lang='lat' dir='ltr'>flammae,</span> 
     </span>
     <span class='ocr_line' id='line_1_42' title="bbox 400 3337 1382 3393; baseline -0.004 -1"><span class='ocrx_word' id='word_1_263' title='bbox 400 3359 505 3392; x_wconf 89' lang='lat' dir='ltr'>non</span> <span class='ocrx_word' id='word_1_264' title='bbox 537 3341 818 3393; x_wconf 88' lang='lat' dir='ltr'>mentitura</span> <span class='ocrx_word' id='word_1_265' title='bbox 848 3348 907 3391; x_wconf 89' lang='lat' dir='ltr'>tu</span> <span class='ocrx_word' id='word_1_266' title='bbox 936 3339 1032 3390; x_wconf 87' lang='lat' dir='ltr'>tibi</span> <span class='ocrx_word' id='word_1_267' title='bbox 1062 3355 1191 3391; x_wconf 88' lang='lat' dir='ltr'>voce</span> <span class='ocrx_word' id='word_1_268' title='bbox 1222 3337 1382 3390; x_wconf 85' lang='lat' dir='ltr'>refer:</span> 
     </span>
     <span class='ocr_line' id='line_1_43' title="bbox 331 3408 1792 3477; baseline -0.003 -14"><span class='ocrx_word' id='word_1_269' title='bbox 331 3430 449 3464; x_wconf 26' lang='lat' dir='ltr'>esse*</span> <span class='ocrx_word' id='word_1_270' title='bbox 474 3411 552 3463; x_wconf 86' lang='lat' dir='ltr'>tui</span> <span class='ocrx_word' id='word_1_271' title='bbox 581 3429 892 3473; x_wconf 86' lang='lat' dir='ltr'>memorem,</span> <span class='ocrx_word' id='word_1_272' title='bbox 924 3409 989 3462; x_wconf 86' lang='lat' dir='ltr'>de</span> <span class='ocrx_word' id='word_1_273' title='bbox 1020 3426 1128 3477; x_wconf 89' lang='lat' dir='ltr'>qua</span> <span class='ocrx_word' id='word_1_274' title='bbox 1155 3408 1253 3460; x_wconf 88' lang='lat' dir='ltr'>tibi</span> <span class='ocrx_word' id='word_1_275' title='bbox 1280 3408 1510 3460; x_wconf 86' lang='lat' dir='ltr'>maxima</span> <span class='ocrx_word' id='word_1_276' title='bbox 1541 3425 1666 3460; x_wconf 89' lang='lat' dir='ltr'>cura</span> <span class='ocrx_word' id='word_1_277' title='bbox 1696 3416 1792 3470; x_wconf 85' lang='lat' dir='ltr'>est,</span> 
     </span>
     <span class='ocr_line' id='line_1_44' title="bbox 403 3478 1731 3552; baseline -0.003 -18"><span class='ocrx_word' id='word_1_278' title='bbox 403 3481 649 3551; x_wconf 87' lang='lat' dir='ltr'>quodque</span> <span class='ocrx_word' id='word_1_279' title='bbox 679 3489 875 3552; x_wconf 86' lang='lat' dir='ltr'>potest,</span> <span class='ocrx_word' id='word_1_280' title='bbox 908 3497 1087 3536; x_wconf 90' lang='lat' dir='ltr'>secum</span> <span class='ocrx_word' id='word_1_281' title='bbox 1117 3496 1310 3535; x_wconf 83' lang='lat' dir='ltr'>nomen</span> <span class='ocrx_word' id='word_1_282' title='bbox 1339 3478 1532 3533; x_wconf 87' lang='lat' dir='ltr'>habere</span> <span class='ocrx_word' id='word_1_283' title='bbox 1563 3487 1731 3531; x_wconf 81' lang='lat' dir='ltr'>tuum.</span> 
     </span>
    </p>
   </div>
  </div>
 </body>
</html>
