2158 3906
325 318 428 371 180
650 362 653 367 ⁴
883 324 937 367 P.
972 323 1178 369 OVIDII
1205 322 1478 369 NASONIS

234 449 296 489 235
330 431 475 486 curia
505 428 760 482 restabat:
794 425 929 478 clavi
958 443 1206 478 mensura
1235 434 1416 478 coacta
1446 433 1548 478 est:

403 500 571 552 maius
603 506 714 551 erat
743 495 935 548 nostris
967 495 1166 547 viribus
1197 494 1328 547 illud
1358 513 1508 547 onus.

329 590 427 625 nec
457 569 661 639 patiens
694 584 910 636 corpus,
940 583 1038 619 nec
1068 564 1216 618 mens
1247 566 1349 618 fuit
1378 575 1501 636 apta
1530 566 1716 630 labori,

403 637 761 705 sollicitaeque
776 653 778 655 ·
792 637 960 707 fugax
991 636 1290 689 ambitionis
1321 655 1481 690 eram.

334 721 384 765 et
414 719 591 780 petere
622 708 831 760 Aoniae
864 707 1158 761 suadebant
1186 716 1300 760 tuta
1331 725 1533 762 sorores

246 802 303 841 40
407 781 538 842 otia,
568 778 762 831 iudicio
794 797 1000 848 semper
1030 787 1205 831 amata
1233 796 1369 832 meo,

334 850 584 921 temporis
614 849 753 902 illius
785 850 923 902 colui
952 849 1167 918 fovique
1197 858 1398 918 poetas,

406 931 639 990 quotque
672 920 891 973 aderant
920 928 1092 982 vates,
1123 920 1278 972 rebar
1307 920 1492 973 adesse
1523 920 1666 974 deos.

336 1012 492 1063 saepe
525 1011 645 1044 suas
678 992 917 1044 volucres
946 990 1076 1060 legit
1105 990 1234 1042 mihi
1262 990 1512 1061 grandior
1542 1011 1689 1054 aem,

406 1081 647 1132 quaeque
677 1071 831 1115 necet
860 1080 1097 1131 serpens,
1129 1079 1264 1129 quae
1294 1062 1438 1114 iuvet
1469 1061 1656 1125 herba,
1688 1063 1891 1116 Macer.

248 1154 302 1192 45
336 1154 491 1204 saepe
523 1152 646 1186 suos
679 1133 862 1185 solitus
892 1133 1111 1186 recitare
1141 1132 1451 1202 Propertius
1481 1132 1649 1202 ignes,

406 1206 521 1258 iure
553 1204 788 1257 sodalicii
819 1203 911 1272 qui
939 1203 1068 1256 mihi
1096 1203 1304 1256 iunctus
1336 1212 1463 1257 erat.

334 1276 590 1329 Ponticus
622 1275 781 1328 heroo
792 1314 807 1338 ,
838 1275 1040 1328 Bassus
1071 1292 1283 1343 quoque
1314 1274 1485 1327 clarus
1515 1274 1703 1328 iambis

409 1347 584 1399 dulcia
613 1346 884 1399 convictus
915 1346 1154 1399 membra
1182 1346 1331 1399 fuere
1360 1346 1480 1399 mei.

337 1418 561 1471 detinuit
589 1426 796 1470 nostras
827 1435 1138 1470 numerosus
1171 1416 1428 1469 Horatius
1460 1435 1630 1480 aureS‚

250 1508 304 1548 50
410 1489 536 1541 dum
566 1488 687 1541 ferit
717 1487 959 1540 Ausonia
989 1488 1222 1540 carmina
1253 1487 1394 1540 culta
1423 1488 1555 1556 lyra.

335 1559 635 1629 Vergilium
666 1558 776 1611 vidi
805 1567 1033 1620 tantum3
1065 1576 1163 1611 nec
1195 1577 1374 1610 amara
1403 1558 1615 1610 Tibullo

405 1640 614 1699 tempus
646 1629 906 1683 amicitiae
937 1629 1047 1682 fata
1077 1629 1268 1682 dedere
1298 1647 1463 1682 meae.
1535 1685 1540 1691 ,

335 1719 608 1755 successor
637 1700 738 1753 fuit
767 1699 854 1753 hic
884 1699 1004 1763 tibi,
1038 1698 1217 1754 Galle:
1248 1700 1558 1769 Propertius
1588 1699 1686 1752 illi:

406 1780 626 1841 quartus
658 1771 725 1824 ab
756 1770 837 1823 his
870 1771 1001 1824 serie
1032 1770 1282 1840 temporis
1312 1770 1426 1840 ipse
1456 1770 1551 1823 fui.

251 1862 304 1900 55
336 1852 499 1912 utque
531 1860 630 1912 ego
662 1842 911 1904 maiores,
945 1842 1018 1894 sic
1047 1861 1132 1894 me
1164 1841 1373 1894 coluere
1403 1842 1648 1904 minores,

405 1923 635 1981 notaque
668 1930 773 1965 non
804 1911 951 1965 tarde
982 1911 1122 1964 facta
1151 1911 1342 1964 Thalia
1370 1930 1489 1964 mea
1519 1921 1614 1964 est.

335 1985 568 2037 carmina
599 2002 719 2037 cum
751 1983 982 2053 primum
1010 1983 1207 2053 populo
1237 1982 1502 2036 iuvenalia
1531 1982 1654 2053 legi,

405 2056 571 2108 barba
599 2064 802 2108 resecta
832 2054 962 2106 mihi
994 2054 1140 2107 bisve
1171 2054 1399 2108 semelve
1429 2054 1546 2106 fuit.

237 2171 239 2173 .
334 2141 571 2179 moverat
601 2125 874 2195 ingenium
905 2133 1070 2178 totam
1101 2134 1310 2178 cantata
1338 2143 1434 2195 per
1463 2124 1651 2178 urbem

253 2214 306 2253 60
407 2197 618 2250 nomine
649 2214 756 2249 non
786 2214 910 2250 vero
943 2196 1083 2249 dicta
1114 2194 1350 2249 Corinna
1379 2195 1523 2248 mihi.

336 2269 503 2320 multa
533 2267 748 2336 quidem
778 2267 983 2338 scripsi:
1017 2267 1110 2320 sed
1140 2285 1277 2336 quae
1308 2267 1497 2320 vitiosa
1526 2266 1727 2337 putavi,

409 2338 763 2393 emendaturis
793 2339 1005 2408 ignibus
1035 2338 1147 2408 ipse
1179 2338 1316 2392 dedi.

337 2418 462 2462 tunc
493 2427 729 2478 quoque,
766 2427 887 2461 cum
917 2408 1180 2478 fugerem,
1219 2409 1481 2477 quaedam
1510 2408 1768 2478 placitura
1799 2408 2046 2473 cremavi,

408 2481 571 2532 iratus
602 2479 788 2532 studiis
821 2480 1244 2548 carminibusque
1275 2479 1422 2532 meis.
1459 2531 1462 2534 ,

253 2568 306 2608 65
337 2552 494 2604 molle
527 2549 838 2620 Cupidineis
868 2569 967 2604 nec
996 2544 1407 2621 inexpugnabile
1438 2550 1553 2602 telis

410 2640 499 2674 cor
527 2621 680 2683 mihi,
713 2621 960 2689 quodque
990 2622 1119 2674 levis
1153 2639 1312 2674 causa
1342 2629 1600 2683 moveret,
1633 2629 1760 2673 erat.

339 2712 460 2746 cum
490 2701 667 2745 tamen
696 2692 782 2745 hic
813 2711 982 2745 essem
1012 2692 1334 2760 minimoque
1365 2691 1679 2745 accenderer
1708 2690 1839 2762 igni,

408 2764 620 2816 nomine
652 2763 751 2816 sub
781 2773 960 2815 nostro
990 2763 1172 2816 fabula
1200 2763 1347 2815 nulla
1376 2762 1492 2815 fuit.

335 2854 503 2904 paene
534 2834 663 2887 mihi
692 2852 856 2904 puero
886 2852 983 2887 nec
1015 2835 1176 2905 digna
1205 2852 1303 2888 nec
1332 2834 1473 2886 utilis
1504 2851 1639 2886 uxor

255 2923 307 2962 70
409 2914 487 2959 est
519 2906 665 2968 data,
698 2923 832 2973 quae
864 2915 1071 2975 tempus
1101 2924 1197 2975 per
1226 2905 1386 2959 breve
1416 2913 1584 2975 nupta
1612 2903 1729 2956 fuit.

334 2976 409 3029 illi
439 2977 689 3030 successit
719 2977 961 3044 quamvis
991 2976 1102 3029 sine
1134 2975 1350 3030 crimine
1380 2976 1625 3038 coniunx,

407 3067 515 3100 non
545 3056 722 3101 tamen
752 3047 806 3099 in
835 3056 1014 3100 nostro
1044 3047 1196 3100 firma
1224 3047 1404 3099 futura
1432 3055 1562 3099 toro.

334 3118 542 3180 ultima,
574 3136 712 3186 quae
742 3136 952 3171 mecum
982 3137 1124 3171 seros
1154 3117 1442 3188 permansit
1470 3117 1524 3169 in
1555 3132 1737 3177 annos,

408 3188 654 3241 sustinuit
687 3189 916 3241 coniunx
947 3188 1113 3241 exulis
1145 3207 1259 3242 esse
1289 3188 1403 3241 viri.

256 3276 307 3316 75
339 3259 445 3311 filia
475 3278 560 3311 me
590 3278 710 3312 mea
739 3259 820 3311 bis
853 3259 1022 3328 prima
1052 3259 1281 3311 fecunda
1308 3258 1539 3320 iuventa,

410 3330 503 3382 sed
532 3346 640 3381 non
669 3348 735 3383 ex
764 3347 871 3381 uno
903 3329 1152 3399 coniuge,
1184 3329 1310 3383 fecit
1340 3347 1514 3382 avum.

338 3410 389 3455 et
419 3401 525 3452 iam
556 3400 843 3469 complerat
873 3401 1080 3469 genitor
1111 3419 1206 3452 sua
1236 3399 1346 3452 fata
1375 3416 1672 3469 novemque

408 3471 681 3525 addiderat
710 3471 885 3524 lustris
917 3472 1080 3525 altera
1110 3471 1274 3524 lustra
1304 3489 1519 3525 novemt
