2158 3906
399 307 470 361 30
948 319 1002 361 Ρ.
1037 317 1244 363 OVIDH
1273 317 1544 364 NASONIS

286 438 369 476 515
400 439 505 473 non
535 420 719 473 habuit
750 420 931 471 doctos
962 419 1116 471 tellus
1147 419 1362 487 antiqua
1392 420 1628 473 colonos:

470 491 738 543 lassabant
768 490 932 557 agiles
963 508 1150 558 aspera
1178 490 1318 543 bella
1346 491 1503 547 virOS.

400 563 518 631 plus
549 571 660 612 erat
689 561 743 611 in
773 559 949 628 gladio
980 577 1138 632 quam
1171 579 1332 613 curvo
1363 561 1534 614 laudis
1566 571 1766 616 aratro,

471 632 742 700 neglectus
774 630 985 683 domino
1015 649 1187 699 pauca
1215 631 1419 684 ferebat
1448 651 1589 702 ager.

400 676 572 754 fam-ao
570 712 746 753 tamen
777 710 980 754 veteres
1010 701 1294 765 iaciebant,
1326 703 1468 755 farra
1497 703 1784 767 metebant,

285 790 370 828 520
470 771 723 840 primitias
757 769 940 824 Cereri
969 771 1111 825 farra
1139 782 1341 826 resecta
1371 773 1487 825 dab
1478 784 1582 826 ant.

399 843 584 894 usibus
615 842 867 894 admoniti
896 843 1122 895 flammis
1152 844 1398 896 torrenda
1428 844 1686 897 dederunt

470 914 742 980 multaque
773 922 988 983 peccato
1020 914 1213 966 damna
1243 915 1410 967 tulere
1440 933 1552 967 suo·

399 1003 521 1035 nam
552 984 708 1036 modo
738 984 1018 1037 verrebant
1047 985 1227 1053 nigras
1257 1003 1352 1054 pro
1382 984 1520 1038 farre
1551 984 1776 1049 favillaS,

469 1074 609 1106 nunc
639 1055 780 1125 ipsas
810 1055 960 1124 ignes
991 1055 1288 1124 corripuere
1320 1074 1485 1108 casas·

286 1142 366 1180 525
399 1125 541 1178 facta
571 1126 670 1178 dea
701 1135 777 1178 est
808 1126 1038 1178 Fornax.
1111 1126 1234 1180 laeti
1263 1127 1504 1180 Fornace
1535 1126 1707 1180 coloni

473 1207 646 1259 orant,
677 1206 736 1248 ut
766 1197 946 1267 fruges
978 1207 1234 1267 temperet
1264 1198 1354 1250 illa
1384 1217 1521 1250 suas.

402 1268 544 1319 curio
576 1268 823 1337 legitimis
854 1287 994 1321 nunc
1025 1269 1338 1321 Fornacalia
1368 1268 1542 1321 verbis

471 1339 732 1391 maximus
763 1339 968 1401 indicit,
999 1358 1096 1391 nec
1127 1349 1263 1392 stata
1293 1358 1442 1392 sacra
1471 1339 1624 1392 facit:

400 1409 559 1477 inque
590 1409 729 1472 foro,
761 1410 925 1461 multa
956 1409 1152 1462 circum
1183 1411 1443 1479 pendente
1474 1410 1686 1472 tabella,

286 1497 370 1535 530
473 1480 711 1549 signatur
740 1490 883 1532 certa
913 1481 1059 1533 curia
1089 1499 1328 1549 quaeque
1359 1490 1499 1533 nota.

402 1551 666 1619 stultaque
696 1570 817 1620 pars
848 1552 1054 1620 populi,
1085 1570 1221 1620 quae
1253 1551 1319 1604 sit
1349 1570 1446 1604 sua
1476 1551 1645 1615 curia,
1676 1551 1861 1614 nescit,

473 1622 564 1674 sed
594 1621 721 1674 facit
750 1631 985 1675 extrema
1016 1641 1165 1675 sacra
1194 1622 1359 1676 relata
1390 1622 1490 1675 die.

397 1762 498 1815 Est
527 1763 694 1815 honor
724 1773 776 1817 et
805 1764 1047 1826 tumuliS,
1078 1763 1278 1816 animas
1308 1764 1519 1833 placare
1549 1772 1793 1834 paternas
1913 1761 1989 1805 18·
2017 1744 2123 1807 AC*

469 1853 739 1903 parvaque
769 1834 823 1887 in
853 1845 1117 1887 extructas
1148 1854 1368 1887 munera
1397 1835 1534 1887 ferre
1564 1854 1739 1904 pyras.
1906 1818 1987 1918 22
2015 1817 2131 1920 gg}

285 1922 369 1961 535
399 1924 565 1974 parva
594 1915 778 1974 petunt
807 1905 1025 1966 ManeS,
1055 1906 1223 1975 pietas
1254 1923 1351 1975 pro
1383 1905 1544 1959 divite
1572 1914 1724 1975 grata
1754 1913 1834 1958 est
1906 1930 1980 1975 21
2008 1932 2058 1974 D
2114 1910 2133 1942 ‘2'

470 1995 711 2028 munere:
742 1994 848 2028 non
880 1977 1063 2029 avidos
1095 1975 1232 2045 Styx
1262 1976 1466 2029 habet
1452 1996 1561 2029 lma
1590 1977 1732 2030 deos.
1805 1988 2058 2033 FERAL·
2048 1954 2135 2080 Ἐξ

400 2047 580 2116 tegula
610 2047 861 2115 porrectis
893 2047 1018 2099 satis
1049 2057 1127 2100 est
1157 2047 1331 2100 velata
1362 2047 1584 2108 coroniS,

472 2126 524 2170 et
554 2137 766 2187 sparsae
796 2118 1003 2187 fruges,
1071 2136 1302 2187 arvaque
1331 2118 1470 2171 mica
1500 2119 1640 2182 salis,

399 2188 559 2255 inque
590 2207 735 2241 mero
763 2189 964 2241 mollita
996 2137 1185 2252 Glires,
1216 2190 1491 2258 violaeque
1523 2189 1748 2243 solutae:

285 2276 369 2314 540
471 2259 602 2312 haec
632 2259 822 2312 habeat
854 2260 1028 2312 media
1058 2270 1194 2313 testa
1222 2261 1402 2313 relicta
1432 2260 1532 2312 via.

399 2348 497 2382 nec
528 2330 726 2382 maiora
755 2340 897 2383 veto:
930 2331 1024 2383 sed
1054 2340 1105 2383 et
1135 2331 1216 2382 his
1245 2331 1517 2399 placabilis
1547 2331 1736 2384 umbra
1765 2340 1861 2386 est.

472 2400 605 2453 adde
637 2420 817 2470 preces
848 2401 1029 2470 positis
1061 2411 1113 2453 et
1144 2421 1239 2453 sua
1268 2401 1430 2454 verba
1459 2401 1606 2454 fociS.
1644 2443 1648 2446 .

342 2501 344 2505 ⁴
400 2471 544 2535 hunc·
570 2490 769 2523 morem
800 2472 1039 2534 Aeneas,
1071 2472 1279 2541 pietatis
1308 2472 1528 2524 idoneus
1559 2480 1759 2536 auctor,

473 2542 645 2593 attulit
673 2542 727 2593 in
758 2552 946 2604 terras,
977 2543 1111 2595 iuste
1142 2542 1360 2605 Latine,
1392 2552 1526 2595 tuas.

285 2629 369 2667 545
400 2612 486 2665 ille
516 2613 677 2681 patris
711 2611 884 2666 Genio
915 2613 1187 2665 sollemnia
1216 2613 1355 2665 dona
1382 2613 1605 2667 ferebat.

472 2683 593 2735 hinc
623 2684 804 2752 populi
834 2684 965 2736 ritus
996 2684 1256 2737 edidicere
1286 2683 1418 2754 pios.
1553 2703 1559 2705 ’

401 2764 456 2805 at
485 2755 775 2822 quondam,
807 2755 933 2806 dum
963 2755 1124 2824 longa
1152 2764 1343 2825 gerunt
1371 2755 1705 2825 pugnacibus
1735 2756 1897 2809 armis

470 2825 634 2887 bella,
666 2826 959 2894 parentales
991 2826 1268 2878 deseruere
1298 2826 1426 2879 dies.

399 2914 504 2947 non
535 2896 749 2964 impune
779 2896 894 2948 fuit.
967 2917 1091 2949 nam
1122 2897 1310 2948 dicitur
1339 2897 1512 2950 omine
1541 2897 1609 2949 ab
1638 2896 1741 2950 isto

287 2982 371 3020 550
419 2966 643 3018 Roma
676 2967 991 3020 suburbanis
1019 2967 1300 3021 incaluisse
1330 2969 1489 3038 rogis·

402 3037 489 3087 vix
522 3038 767 3104 equidem
796 3038 976 3091 credo:
1008 3038 1177 3090 bustis
1209 3039 1378 3091 exisse
1414 3039 1656 3091 feruntur

474 3118 524 3159 et
554 3108 743 3161 tacitae
774 3109 943 3176 questi
974 3119 1209 3178 tempore
1237 3109 1404 3161 noctis
1436 3109 1545 3171 avi3

401 3196 599 3246 perque
630 3179 742 3230 vias
771 3179 916 3231 urbis
948 3180 1238 3246 Latiosque
1269 3180 1499 3232 ululasse
1528 3198 1622 3248 per
1651 3197 1807 3248 agros

473 3248 734 3301 deformes
765 3249 990 3311 animas,
1022 3250 1211 3318 volgus
1241 3250 1420 3311 inane,
1451 3249 1642 3302 ferunt.

286 3336 369 3374 555
402 3328 519 3388 post
550 3337 612 3371 ea
640 3319 906 3387 praeteriti
936 3320 1151 3371 tumulis
1180 3320 1742 3383 redduntur-honoreS,

472 3389 830 3459 prodigiisque
860 3391 1003 3443 venit
1031 3389 1409 3458 funeribusque
1438 3390 1643 3443 modus.

402 3461 528 3512 dum
560 3469 736 3513 tamen
766 3460 896 3513 haec
925 3461 1080 3524 fiunt,
1111 3460 1302 3515 viduae
1333 3471 1532 3516 cessate
1562 3461 1793 3532 puellae:

2078 2433 2086 2442 ι
2081 2299 2086 2301 v
2083 2156 2086 2157 ,

2117 2351 2125 2362 2
2112 2310 2116 2317 ⁵
2108 2074 2130 2300 bfl-i‘mm
