2158 3906
350 322 457 377 218
908 334 961 377 Ρ,
994 333 1201 380 OVIDII
1229 333 1500 381 NASONIS

355 436 429 489 sic
459 436 887 504 inconsumptum
917 434 1061 504 Tityi
1091 454 1402 518 semperque
1431 455 1711 490 renascens

267 523 325 562 40
426 525 532 558 non
560 505 718 575 perit,
748 514 807 556 ut
837 505 1001 574 possit
1030 525 1187 575 saepe
1217 507 1411 575 perire,
1442 507 1603 559 iecur.

356 585 432 638 at,
463 585 618 645 put0,
650 593 773 627 cum
801 576 1008 644 requies
1039 577 1405 660 medicinaque
1435 577 1650 646 publica
1680 597 1836 632 curae

427 665 641 698 somnus
673 645 844 708 adest,
877 646 1041 699 solitis
1071 666 1179 700 nox
1209 649 1352 701 venit
1382 649 1511 700 orba
1540 649 1724 702 malis?

355 717 559 769 somnia
587 735 672 769 me
703 725 900 769 terrent
929 736 1081 770 veros
1112 718 1370 771 imitantia
1401 737 1572 782 casus,

427 797 478 840 et
508 787 730 857 vigilant
761 806 944 840 sensus
975 789 1030 840 in
1060 808 1178 842 mea
1209 789 1402 841 damna
1431 790 1551 842 mei.

270 875 323 913 45
356 867 447 911 aut
477 876 576 928 ego
609 856 930 911 Sarmaticas
961 859 1144 912 videor
1172 859 1337 912 vitare
1369 860 1604 929 sagittas,

426 938 517 982 aut
548 928 672 982 dare
704 929 940 999 captivas
972 930 1040 982 ad
1070 930 1183 984 fera
1212 930 1385 983 vincla
1414 950 1628 994 manus3

355 1008 446 1052 aut
475 999 569 1051 ubi
575 999 832 1082 decipior
861 1000 1135 1053 melioris
1121 1001 1351 1071 1magine
1382 1002 1569 1064 somni,

427 1070 623 1140 aspicio
653 1070 855 1140 patriae
886 1080 1026 1125 tecta
1053 1072 1235 1125 relicta
1263 1091 1429 1126 meae.

356 1150 407 1194 et
437 1141 594 1194 modo
625 1141 921 1204 vobiscum,
953 1160 1086 1211 quos
1118 1161 1236 1195 sum
1265 1151 1569 1206 veneratus,
1601 1143 1772 1207 amici,

269 1228 326 1267 50
428 1222 478 1265 et
508 1212 665 1265 modo
696 1231 817 1265 cum
848 1231 970 1266 cara
1000 1213 1224 1284 coniuge
1253 1214 1420 1267 multa
1448 1215 1652 1282 loquor.

357 1283 431 1336 sic
461 1284 554 1335 ubi
583 1293 834 1353 percepta
864 1293 944 1338 est
973 1256 1189 1337 brevise
1179 1294 1231 1338 et
1260 1304 1367 1338 non
1396 1299 1522 1338 vera
1553 1285 1813 1355 voluptaS‚

427 1354 574 1423 peior
604 1354 671 1407 ab
703 1355 975 1408 admonitu
1003 1355 1063 1407 fit
1096 1364 1261 1408 status
1291 1356 1389 1410 iste
1421 1355 1561 1409 boni.

357 1424 467 1478 sive
498 1424 608 1478 dies
638 1425 801 1508 igitur
831 1435 989 1496 caput
1020 1426 1121 1480 hoc
1150 1427 1448 1480 miserabile
1479 1426 1659 1488 cernit,

426 1496 537 1549 sive
567 1496 802 1566 pruinosi
831 1497 1016 1550 Noctis
1049 1507 1278 1567 aguntur
1309 1498 1447 1566 equi,

269 1582 325 1621 55
358 1565 433 1620 sic
462 1585 582 1619 mea
610 1567 876 1637 perpetuis
907 1568 1184 1636 liquefiunt
1213 1577 1427 1638 pectora
1458 1568 1614 1631 curiS,

425 1637 639 1706 ignibus
671 1638 894 1691 admotis
924 1647 984 1691 ut
1012 1656 1151 1691 nova
1182 1657 1303 1692 cera
1332 1639 1480 1692 solet.

355 1727 512 1777 saepe
543 1727 729 1778 precor
758 1718 1005 1773 mortem,
1035 1718 1258 1763 mortem
1288 1728 1502 1779 quoque
1533 1710 1786 1780 deprecor
1808 1709 1971 1773 idem,

426 1797 492 1832 ne
523 1798 642 1832 mea
673 1778 1028 1833 Sarmaticum
1059 1790 1306 1850 contegat
1335 1799 1456 1834 ossa
1485 1781 1671 1833 solum.

356 1867 477 1902 cum
508 1850 671 1912 subit,
703 1850 940 1919 Augusti
971 1869 1108 1918 quae
1139 1851 1205 1903 sit
1234 1851 1535 1913 clementia,
1567 1851 1724 1904 credo

268 1936 324 1975 60
426 1920 605 1973 mollia
632 1920 924 1990 naufragiis
955 1921 1107 1974 litora
1136 1939 1291 1991 posse
1322 1921 1459 1984 dar13

356 2009 476 2043 cum
508 1991 685 2054 videO,
718 2009 878 2059 quam
910 1991 1012 2044 sint
1042 2011 1161 2045 mea
1191 1992 1302 2045 fata
1331 1992 1562 2054 tenacia,
1593 1991 1826 2062 frangor,

428 2080 653 2131 spesque
683 2062 814 2115 levis
845 2080 1040 2133 magno
1071 2063 1211 2116 victa
1241 2064 1426 2117 timore
1457 2063 1613 2117 cadit.

354 2150 453 2186 nec
482 2142 661 2187 tamen
690 2133 910 2187 ulterius
941 2134 1229 2202 quicquam
1258 2153 1480 2204 sperove
1508 2152 1779 2204 precorve‚

426 2221 587 2271 quam
617 2204 753 2257 male
783 2214 987 2258 mutato
1017 2223 1172 2274 posse
1202 2224 1381 2259 carere
1410 2206 1543 2259 loco,

268 2290 323 2330 65
355 2284 445 2327 aut
474 2274 598 2337 hoc,
631 2284 723 2327 aut
751 2275 883 2328 nihil
913 2284 1016 2339 est,
1046 2294 1142 2345 pro
1173 2295 1258 2329 me
1288 2285 1546 2346 temptare
1576 2275 1810 2330 modeste

424 2346 596 2415 gratia
625 2346 768 2413 quod
799 2346 946 2399 salvo
976 2356 1151 2400 vestra
1180 2347 1381 2417 pudore
1411 2355 1586 2415 queat.

355 2416 588 2485 suscipe,
620 2417 893 2470 Romanae
923 2417 1196 2479 facundia,
1231 2417 1495 2481 Maxime,
1526 2418 1757 2487 linguae,

427 2486 655 2539 difficilis
687 2506 877 2540 causae
907 2488 1033 2541 mite
1063 2487 1435 2557 patrocinium!

356 2569 435 2611 est
465 2558 629 2620 mala,
661 2558 934 2621 confiteor3
968 2558 1061 2611 sed
1091 2567 1143 2612 te
1172 2559 1314 2611 bona
1342 2559 1433 2612 fiet
1463 2568 1676 2629 agente.

271 2645 325 2683 70
425 2627 564 2680 lenia
592 2646 688 2698 pro
719 2628 910 2682 misera
939 2628 1025 2682 fac
1055 2629 1213 2682 modo
1244 2629 1407 2683 verba
1435 2605 1582 2699 fuga.

354 2699 520 2752 nescit
550 2699 690 2752 enim
722 2697 944 2762 Caesar,
974 2700 1215 2768 quamvis
1248 2700 1378 2753 deus
1409 2701 1586 2753 omnia
1615 2700 1769 2765 norit,

424 2769 641 2822 ultimus
672 2769 758 2823 hic
787 2788 895 2839 qua
924 2770 991 2823 sit
1021 2770 1328 2825 condicione
1356 2771 1521 2825 locus.

353 2859 550 2909 magna
578 2849 758 2894 tenent
786 2840 919 2894 illud
947 2860 1145 2894 numen
1173 2842 1445 2895 molimina
1473 2861 1671 2896 rerum:

425 2911 557 2964 haec
588 2920 668 2964 est
698 2911 910 2967 caelesti
939 2922 1160 2996 pectore
1183 2931 1311 2966 cura
1339 2913 1522 2966 minor.

270 2997 323 3036 75
353 3000 453 3035 nec
483 2992 660 3045 vacat,
691 2983 749 3036 in
778 3001 886 3052 qua
915 2984 1018 3036 sint
1047 2983 1206 3053 positi
1235 2984 1451 3053 regione
1482 2984 1741 3047 Tomitae,

425 3071 700 3121 quaerere,
731 3052 953 3107 finitimo
984 3054 1074 3107 vix
1103 3055 1220 3107 loca
1248 3064 1374 3108 nota
1405 3053 1601 3108 Getae.

355 3132 445 3175 aut
476 3124 603 3190 quid
636 3123 982 3178 Sauromatae
1013 3125 1234 3187 faciant,
1267 3125 1398 3193 quid
1425 3125 1652 3194 Iazyges
1683 3143 1845 3188 acres,

426 3195 671 3262 cultaque
703 3193 960 3248 Oresteae
991 3195 1221 3248 Taurica
1250 3204 1388 3249 terra
1418 3195 1564 3257 deae,

355 3280 596 3332 quaeque
627 3265 761 3318 aliae
791 3274 1002 3346 genteS,
1032 3265 1126 3317 ubi
1155 3265 1352 3335 frigore
1383 3265 1614 3348 constitit
1644 3265 1843 3329 Hister,

267 3350 325 3390 80
426 3334 558 3386 dura
587 3343 766 3388 meant
796 3334 953 3388 celeri
982 3344 1133 3405 terga
1162 3354 1256 3405 per
1286 3336 1454 3388 amnis
1487 3353 1639 3404 eqUO.

354 3404 585 3457 maxima
614 3424 736 3475 pars
765 3404 1039 3458 hominum
1069 3423 1167 3458 nec
1196 3415 1272 3469 te,
1303 3405 1681 3475 pulcherrima,
1714 3416 1879 3471 curat,

425 3474 620 3539 Roma,
653 3494 750 3529 nec
781 3475 1009 3530 Ausonii
1038 3475 1215 3529 militis
1248 3496 1393 3530 arma
1424 3477 1588 3532 timet.
