2158 3906
321 355 325 359 ,
395 296 498 350 124
943 305 999 349 P:
1035 305 1241 352 OVIDII
1272 304 1546 351 NASONIS

310 429 364 468 55
400 421 479 465 ter
508 411 668 463 limen
699 408 873 477 tetigi,
905 416 984 459 ter
1015 426 1132 458 sum
1162 416 1463 468 revocatUS,
1496 415 1548 460 et
1575 406 1689 476 ipse

465 482 745 549 indulgens
778 478 951 530 animo
982 497 1075 547 pes
1107 478 1234 529 mihi
1265 478 1447 530 tardus
1479 486 1606 529 erat.

397 570 554 620 saepe
588 549 750 601 ‘vale’
785 548 924 600 dicto
955 567 1134 600 rursus
1158 560 1284 599 'sum
1314 549 1466 618 plura
1494 548 1718 611 locutus,

469 631 517 673 et
551 619 702 688 quasi
736 619 1008 671 discedens
1040 620 1221 671 oscula
1251 620 1418 671 multa
1449 619 1586 670 dedi.

398 710 553 760 saepe
586 690 771 742 eadem
802 689 1050 741 mandata
1081 690 1201 742 dedi
1231 708 1420 758 meque
1449 689 1563 759 ipse
1593 688 1775 752 fefelli,

313 781 366 819 60
469 761 754 830 respiciens
787 760 950 812 oculis
981 760 1204 829 pignora
1235 779 1356 812 cara
1384 761 1533 812 meis.

397 832 624 899 denique
642 831 793 898 ‘quid
808 831 1066 900 propero?
1085 830 1305 900 Scythia
1321 839 1416 893 est,
1428 848 1532 898 quo
1549 830 1804 882 mittimur
1814 830 1845 892 ⁹,
1862 831 2105 899 inquam}

469 902 665 954 ‘Roma
694 902 1039 968 relinquenda
1070 913 1164 954 est.
1239 911 1463 969 utraque
1491 901 1632 953 iusta
1660 919 1807 954 mora
1837 910 1933 954 est.

395 991 528 1025 uxor
558 973 612 1024 in
643 982 937 1025 extremum
967 972 1088 1023 vivo
1119 971 1249 1023 mihi
1278 972 1398 1024 viva
1428 981 1669 1041 negatur,

468 1053 519 1096 et
550 1044 736 1095 domus
770 1052 819 1095 et¹
848 1043 985 1095 fidae
1018 1043 1192 1094 dulcia
1220 1043 1459 1095 membra
1489 1043 1697 1106 domus,

310 1133 363 1171 65
397 1133 635 1183 quosque
667 1133 766 1183 ego
800 1113 958 1166 dilexi
989 1113 1220 1166 fraterno
1250 1131 1396 1166 more
1427 1113 1651 1175 sodaleS,

470 1204 500 1237 o
531 1185 659 1237 mihi
690 1185 900 1237 Thesea
929 1193 1144 1254 pectora
1173 1185 1351 1237 iuncta
1380 1183 1507 1237 fide!

398 1258 523 1308 dum
554 1256 700 1318 licet,
732 1256 1023 1325 amplectar
1046 1286 1118 1292 —
1146 1273 1438 1324 numquam
1469 1255 1691 1308 fortasse
1722 1255 1900 1308 licebit

470 1327 718 1396 amplius:
750 1327 806 1379 in
835 1327 982 1379 lucro
1015 1335 1117 1388 est,
1149 1345 1284 1394 quae
1315 1326 1470 1378 datur
1498 1326 1628 1378 hora
1656 1326 1819 1377 mihi?

397 1416 495 1451 nec
526 1417 697 1458 mora,
730 1398 983 1450 sermonis
1015 1397 1177 1450 verba
1206 1397 1513 1467 imperfecta
1544 1397 1800 1464 relianO,

316 1489 368 1526 70
471 1470 820 1538 complectens
852 1469 1026 1520 animo
1056 1468 1295 1538 proxima
1324 1485 1566 1535 quaeque
1595 1486 1732 1520 meo,

400 1540 526 1591 dum
556 1540 743 1607 loquor
774 1548 826 1591 et
855 1540 1067 1600 flemus,
1099 1539 1244 1591 caelo
1273 1538 1615 1591 nitidissimus
1647 1539 1771 1600 alto,

474 1611 623 1662 stella
651 1610 827 1680 gravis
858 1610 1035 1672 nobis,
1067 1609 1288 1661 Lucifer
1318 1619 1463 1662 ortus
1494 1618 1621 1662 erat.

401 1681 606 1733 dividor
636 1681 780 1732 haud
810 1681 982 1743 aliter,
1014 1698 1174 1748 quam
1207 1680 1248 1732 si
1279 1699 1398 1732 mea
1427 1680 1666 1732 membra
1694 1679 2010 1748 relinquam,

294 1801 301 1811 ,
472 1761 523 1804 et
552 1771 673 1820 pars
706 1752 949 1820 abrumpi
981 1769 1196 1820 corpore
1228 1751 1342 1802 visa
1372 1769 1467 1802 suo
1499 1761 1593 1803 est.

315 1839 367 1879 75
401 1823 476 1875 sic
508 1823 674 1873 doluit
703 1823 906 1874 Mettus
937 1832 1086 1882 tunc,
1119 1840 1238 1873 cum
1269 1822 1322 1872 in
1355 1821 1614 1873 contraria
1643 1839 1823 1874 versos

471 1894 666 1945 ultores
698 1893 884 1944 habuit
913 1892 1221 1962 proditionis
1254 1909 1433 1959 equos.

398 1973 524 2016 tunc
556 1982 681 2016 vero
714 1963 946 2016 exoritur
976 1964 1173 2016 clamor
1202 1963 1534 2032 gemitusque
1566 1980 1820 2026 meorum,

472 2043 523 2086 et
553 2034 748 2087 feriunt
778 2043 1008 2086 maestae
1039 2043 1253 2103 pectora
1282 2034 1427 2086 nuda
1456 2052 1660 2086 manus.

399 2114 526 2157 tunc
557 2123 682 2157 vero
714 2105 967 2167 coniunx,
998 2105 1193 2157 umeris
1226 2104 1466 2157 abeuntis
1496 2105 1793 2166 inhaerens,

313 2195 368 2233 80
471 2176 680 2228 miscuit
709 2176 839 2228 haec
869 2176 1098 2228 lacrimis
1130 2175 1296 2228 tristia
1326 2175 1489 2228 verba
1520 2176 1649 2227 suis:

401 2252 530 2298 ‘non
561 2256 710 2316 potes
742 2247 920 2299 avelli:
953 2247 1107 2299 simul
1137 2246 1282 2309 hinc,
1316 2246 1470 2299 simul
1499 2246 1716 2298 ibimus'
1748 2246 1945 2315 inquitt

473 2324 546 2369 ‘te
579 2336 767 2385 sequar
798 2327 850 2369 et
881 2318 1109 2370 coniunx
1141 2318 1308 2370 exulis
1339 2319 1462 2370 exul
1494 2335 1598 2370 ero·

401 2396 453 2439 et
483 2388 611 2439 mihi
641 2390 783 2440 facta
814 2388 900 2440 via
931 2397 1031 2441 est:
1065 2398 1117 2440 et
1146 2407 1230 2440 me
1262 2388 1400 2457 capit
1429 2388 1615 2440 ultima
1644 2397 1806 2440 terra:

474 2459 719 2511 accedam
751 2459 1008 2528 profugae
1041 2459 1245 2510 sarcina
1275 2477 1439 2527 parva
1468 2459 1583 2510 rati.

314 2547 368 2586 85
402 2537 452 2581 te
482 2530 629 2581 iubet
660 2549 691 2581 a
720 2530 890 2598 patria
921 2529 1187 2581 discedere
1221 2527 1464 2581 Caesaris
1494 2529 1589 2589 ira,

472 2619 555 2651 me
586 2601 777 2668 pietas:
808 2600 977 2669 pietas
1009 2600 1138 2652 haec
1170 2600 1297 2651 mihi
1331 2598 1531 2652 Caesar
1561 2598 1705 2652 eritf

400 2670 525 2722 talia
556 2671 872 2740 temptabat,
906 2671 1040 2723 sicut
1070 2680 1419 2740 temptaverat
1449 2679 1586 2732 ante,

471 2741 665 2808 vixque
698 2741 842 2794 dedit
871 2741 1037 2793 victas
1067 2742 1289 2794 utilitate
1321 2760 1525 2793 manus.
1567 2794 1570 2796 ,

402 2813 643 2882 egredior
671 2842 742 2848 —
773 2812 881 2864 sive
911 2813 1042 2864 illud
1072 2821 1183 2865 erat
1214 2812 1324 2864 sine
1355 2812 1540 2864 funere
1570 2811 1696 2863 ferri
1723 2841 1799 2848 —

314 2901 369 2940 90
473 2883 765 2951 squalidus,
797 2883 1041 2935 immissis
1072 2883 1209 2935 hirta
1239 2902 1334 2952 per
1364 2901 1454 2935 ora
1486 2883 1664 2934 comis.

399 2954 489 3005 illa
521 2954 697 3006 dolore
730 2973 910 3007 amens
941 2954 1171 3006 tenebris
1202 2962 1446 3005 narratur
1475 2953 1672 3005 obortis

473 3025 791 3076 semianimis
822 3025 996 3077 media
1025 3025 1369 3094 procubuisse
1400 3025 1582 3076 domo:

399 3104 564 3162 utque
594 3096 878 3148 resurrexit
908 3095 1130 3147 foedatis
1162 3095 1378 3163 pulvere
1410 3094 1550 3163 turpi

328 3170 331 3172 ’
473 3165 701 3217 crinibus
734 3175 785 3217 et
814 3166 989 3234 gelida
1019 3166 1256 3217 membra
1285 3165 1480 3217 levavit
1510 3164 1688 3226 humo,

316 3253 369 3292 95
402 3254 456 3287 se
487 3236 669 3296 mod0‚
703 3235 935 3288 desertos
966 3235 1122 3287 modo
1154 3236 1505 3304 complorasse
1535 3234 1782 3296 Penates,

473 3324 666 3357 nomen
697 3314 749 3357 et
780 3306 944 3374 erepti
976 3324 1131 3374 saepe
1162 3323 1378 3357 vocasse
1409 3305 1524 3367 viri,

399 3395 497 3428 nec
528 3376 792 3445 gemuisse
823 3376 1020 3437 minUS,
1052 3394 1211 3443 quam
1243 3375 1286 3427 si
1316 3384 1577 3444 nataeque
1608 3393 1895 3444 meumque

473 3446 690 3500 vidisset
720 3455 943 3499 structos
976 3464 1164 3515 corpus
1195 3445 1389 3499 habere
1419 3464 1591 3516 rogOS,
