2158 3906
486 386 575 431 EX
604 387 820 435 PONTO
849 386 974 432 LIB
1006 386 1071 432 11.
1100 386 1160 444 V,
1191 386 1413 444 51-VI1‚
1442 387 1514 432 20.
1754 376 1861 431 243

146 487 394 570 quodque
425 488 560 542 soles
592 489 767 542 animo
799 508 1030 559 semper,
1062 489 1205 559 quod
1235 507 1363 542 voce
1394 488 1614 566 precari,

218 558 395 612 omnia
425 555 746 613 Caesaribus
778 561 853 614 sic
884 571 975 613 tua
1005 560 1146 614 facta
1175 560 1384 643 probes.

147 639 299 701 turpe
330 627 428 683 erit
455 628 510 683 in
540 629 744 684 miseris
775 631 938 685 veteri
970 631 1064 683 tibi
1093 631 1252 685 rebus
1281 630 1451 685 amico

218 699 473 754 auxilium
502 701 648 754 nulla
677 710 825 771 parte
855 702 1037 755 tulisse
1067 712 1242 755 tuum.
1892 717 1951 757 20

147 781 300 843 turpe
331 770 526 825 referre
556 771 769 842 pedem,
801 790 898 826 nec
928 791 1088 842 passu
1119 782 1257 827 stare
1287 774 1486 828 tenaci·

218 853 394 919 turpe
401 841 731 924 laborantem
762 843 1055 897 deseruisse
1086 854 1278 898 ratem·

147 923 300 984 turpe
331 910 482 982 sequi
513 930 696 966 casum
726 923 776 967 et
805 914 1049 968 fortunae
1080 915 1266 969 cedere
1297 915 1544 978 amicum,

219 993 271 1038 et
298 983 400 1037 nisi
431 983 497 1036 sit
527 983 679 1047 felix,
711 1003 825 1039 esse
855 1004 1051 1068 negare
1082 1005 1255 1039 suum.

146 1073 253 1110 non
281 1054 355 1108 ita
384 1053 629 1108 vixerunt
661 1054 784 1110 Stro
826 1055 912 1109 hio
943 1065 1102 1125 atque
1131 1058 1538 1111 Aoamemnone
1567 1056 1696 1120 nati,
1891 1071 1946 1111 2⁵

217 1144 323 1180 non
354 1124 486 1180 haec
515 1126 760 1196 Aegidae
789 1075 1121 1196 {irithoique
1151 1128 1187 1181 fi
1227 1147 1302 1191 es,

147 1214 279 1281 quos
308 1196 451 1268 prior
480 1206 560 1251 est
588 1197 801 1261 mirata,
833 1216 1058 1267 sequens
1089 1199 1366 1251 mirabitur
1396 1208 1555 1260 aetas,

217 1268 271 1322 in
301 1285 528 1337 quorum
557 1268 773 1339 plausus
805 1278 915 1323 tota
943 1268 1150 1323 theatra
1180 1279 1384 1323 sonant.

146 1348 205 1393 tu
235 1356 446 1409 quoque
477 1357 573 1423 per
603 1339 795 1393 durum
823 1349 1031 1393 servato
1062 1349 1271 1410 tempus
1301 1339 1472 1394 amico

219 1410 411 1481 dignus
442 1422 498 1465 es'
527 1410 584 1464 in
613 1411 771 1464 tantis
803 1429 996 1464 nomen
1027 1410 1223 1465 habere
1252 1410 1395 1463 viris.
1893 1426 1948 1467 30

147 1454 340 1551 dignus
371 1500 452 1535 es.
485 1489 562 1544 et,
592 1481 843 1549 quoniam
871 1481 1084 1534 laudem
1115 1481 1308 1563 pietate
1338 1481 1573 1544 mereris,
1941 1516 1945 1519 -

217 1570 324 1605 non
354 1552 452 1606 erit
481 1551 643 1605 officii
672 1551 845 1621 gratia
875 1551 1035 1604 surda
1064 1551 1156 1604 tui.

147 1622 301 1679 crede
330 1621 484 1686 m1h1,
513 1630 753 1676 nostrum
784 1622 828 1675 si
857 1640 963 1676 non
994 1622 1213 1676 mortale
1244 1621 1482 1676 futurum
1514 1631 1593 1675 est

218 1712 453 1757 carmen,
482 1693 537 1746 in
567 1711 656 1748 ore
686 1692 935 1762 frequens
966 1693 1283 1764 posteritatis
1315 1693 1435 1747 eris.

12 1810 13 1836 ἱ
71 1769 73 1774 ’
145 1764 231 1819 fac
260 1764 418 1819 modo
447 1783 756 1848 permaneas
787 1765 949 1828 lass0,
983 1762 1271 1828 Graecine,
1303 1764 1490 1827 fidelis,
1891 1782 1947 1822 35

217 1836 370 1890 duret
399 1844 452 1890 et
480 1835 535 1889 in
563 1835 750 1907 longas
779 1835 1008 1907 impetus
1039 1836 1137 1889 iste
1168 1835 1366 1889 morasl

33 1901 64 1923 ‘⁵'
145 1924 282 1977 quae
312 1916 371 1960 tu
401 1925 521 1960 cum
553 1916 807 1977 praestes,
839 1925 984 1960 remo
1015 1916 1193 1960 tamen
1223 1917 1343 1960 utor
1372 1906 1427 1959 in
1457 1925 1604 1970 aura,

215 1996 314 2033 nec
343 1986 499 2034 nocet
528 1977 756 2032 admisso
787 1978 1013 2033 subdere
1045 1978 1219 2032 calcar
1248 1995 1402 2047 equo,

933 2090 1064 2146 VII.

144 2190 280 2246 Esse
311 2191 595 2246 salutatum
624 2191 738 2244 vult
767 2199 819 2244 te
848 2210 968 2245 mea
995 2191 1169 2245 littera
1198 2190 1429 2261 primum
1691 2188 1976 2235 ATTICO·

34 2280 39 2290 ’
216 2282 248 2316 a
276 2263 414 2316 male
444 2261 670 2344 pacatis,
701 2262 904 2325 Attice,
937 2261 1097 2315 missa
1127 2261 1298 2316 Getis,

144 2333 385 2417 proxima
414 2332 777 2400 subsequitur,
809 2333 937 2402 quid
967 2352 1121 2404 agas,
1152 2333 1335 2386 audire
1366 2332 1627 2403 voluptas,

217 2415 268 2458 et
299 2405 366 2466 si,
397 2403 651 2473 quicquid
673 2403 818 2485 agis,
851 2404 917 2457 sit
946 2378 1043 2457 tibi
1072 2422 1203 2487 cura
1230 2404 1349 2458 mei.

55 2460 74 2521 2-
143 2494 242 2530 nec
273 2474 456 2528 dubito
486 2474 615 2543 quin
645 2474 733 2527 sit:
767 2474 859 2528 sed
889 2494 973 2529 me
1004 2475 1160 2528 timor
1188 2475 1300 2545 ipse
1330 2475 1589 2528 malorum
1887 2492 1916 2531 5

48 2590 63 2613 ,,
217 2565 373 2630 saepe
404 2563 758 2616 supervacuos
788 2547 930 2616 cogit
960 2545 1155 2600 habere
1186 2556 1375 2599 metus.

59 2635 68 2692 g
146 2618 214 2672 da
243 2617 477 2680 veniam,
507 2634 731 2700 quaem,
761 2617 1028 2686 nimioque
1058 2617 1272 2688 ignosce
1303 2616 1505 2670 timori.

215 2688 523 2756 tranquillas
553 2687 712 2741 etiam
741 2688 1031 2772 naufragus
1061 2661 1239 2742 horret
1268 2706 1449 2757 aquas.

45 2758 72 2835 ἦ
146 2759 237 2830 qui
269 2758 431 2812 semel
461 2768 546 2812 est
567 2759 741 2812 laesus
771 2734 964 2813 fallaci
978 2759 1135 2830 piscis
1167 2759 1235 2812 ab
1264 2759 1441 2822 hamc,

217 2829 461 2883 omnibus
491 2847 630 2882 unca
659 2829 789 2882 cibis
820 2848 943 2883 aera
972 2830 1189 2884 subesse
1219 2839 1388 2900 putat.
1892 2847 1947 2886 10

147 2920 303 2972 saepe
334 2919 533 2982 canem·
548 2900 705 2970 longe
735 2899 909 2953 visum
937 2900 1077 2982 fugit
1107 2919 1247 2970 agna
1274 2901 1567 2974 lupumque

218 2972 406 3035 credit,
438 2980 490 3025 et
518 2970 633 3041 ipsa
663 2989 814 3023 suam
843 2970 1021 3024 nescia
1050 2971 1181 3023 vitat
1210 2989 1383 3041 opem.

71 3051 73 3053 ’
145 3043 383 3097 membra
411 3041 756 3096 reformidant
783 3042 997 3095 mollem
1027 3059 1238 3110 quoque
1269 3041 1449 3095 saucia
1478 3050 1703 3095 tactum:

217 3131 459 3183 vanaque
490 3112 724 3166 sollicitis
752 3112 940 3166 incutit
969 3113 1158 3165 umbra
1186 3122 1405 3166 metum.

149 3184 224 3240 sic
252 3203 369 3256 ego
381 3184 624 3238 fortunae
654 3183 771 3237 telis
802 3184 1084 3238 confixus’
1069 3183 1263 3252 miquis
1892 3202 1944 3240 15

219 3267 430 3327 pectore
460 3255 698 3325 concipio
728 3255 802 3309 nil
830 3255 933 3309 nisi
962 3255 1109 3309 triste
1139 3273 1274 3308 meo.

148 3326 253 3380 iam
282 3327 412 3380 mihi
433 3326 552 3382 fata
580 3326 746 3394 liquet
776 3336 987 3407 coeptos
1018 3326 1282 3380 servantia
1311 3343 1495 3379 cursus

219 3416 314 3468 per
343 3397 443 3451 sibi
473 3407 748 3451 consuetas
779 3417 986 3469 semper
1012 3398 1153 3451 itura
1181 3397 1318 3451 vias·

150 3466 430 3522 obseivare
461 3468 612 3531 deos,
642 3488 709 3523 ne
740 3470 870 3539 quid
898 3469 1027 3522 mihi
1056 3469 1209 3523 cedat
1238 3469 1431 3532 amice3
1634 3538 1639 3541 μ

222 3538 489 3608 verbaque
518 3539 784 3594 Fortunae
815 3540 905 3594 vix
933 3549 1064 3611 puto
1094 3559 1250 3611 posse
1280 3540 1410 3594 dari.
1894 3557 1949 3595 20

1496 3622 1580 3666 16*
