2158 3906
530 320 879 368 FASTORUM
906 320 1029 365 LIB.
1060 319 1122 365 11.
1152 319 1394 366 253-339.
1746 308 1822 363 25

181 424 328 479 nulla
357 422 457 477 sub
486 422 705 493 imperio
735 431 875 477 terra
905 422 1122 476 colentis
1153 432 1288 486 erat3

30 503 35 515 '
109 497 286 552 nullus
317 494 489 548 adhuc
520 502 631 547 erat
660 512 789 546 usus
820 494 965 561 equi:
999 512 1055 548 se
1085 493 1308 563 quisque
1338 493 1559 548 ferebat.

183 566 292 619 ibat
322 565 436 618 ovis
466 565 588 617 lana
618 582 809 634 corpus
840 564 1033 617 amicta
1062 583 1174 617 sua.

113 637 211 692 sub
239 636 368 690 Iove
398 635 659 688 durabant
690 645 742 688 et
771 653 992 705 corpora
1019 635 1164 688 nuda
1192 635 1449 706 gerebant

182 707 338 760 docta
365 724 556 777 graves
586 705 780 759 imbres
811 716 863 759 et
892 707 1116 759 tolerare
1146 716 1315 759 notos.
1848 722 1937 764 800

109 795 250 832 nunc
279 794 490 846 quoque
521 777 713 831 detecti
741 777 977 830 referunt
1006 777 1329 831 monimenta
1358 777 1552 831 vetusti

179 848 339 902 moris
370 858 421 902 et
450 847 692 917 antiquas
723 848 1070 901 testificantur
1100 866 1244 918 opes.
1273 877 1346 887 -—

108 919 202 974 sed
231 937 326 973 cur
353 919 636 990 praecipue
666 918 838 989 fugiat
866 919 1128 972 velamina
1157 919 1393 982 Faunus,

142 1047 144 1050 ,
179 990 403 1044 traditur
432 989 634 1059 antiqui
664 989 847 1043 fabula
875 990 1032 1059 plena
1061 990 1178 1042 ioci.

107 1060 244 1114 forte
274 1079 449 1114 comes
481 1061 724 1114 dominae
753 1061 956 1113 iuvenis
986 1060 1295 1130 Tirynthius
1325 1060 1459 1114 ibat:
1845 1077 1931 1118 305

178 1131 309 1185 vidit
340 1131 407 1184 ab
442 1132 650 1185 excelso
678 1131 897 1184 Faunus
928 1140 1212 1199 utrumque
1241 1131 1373 1183 locO.

106 1202 240 1255 vidit
271 1210 322 1256 et
350 1202 568 1255 incaluit
598 1201 1002 1269 ‘montana'que
1034 1201 1316 1262 ‘numina‚’
1349 1201 1481 1253 dixit

180 1272 277 1325 ‘nil
306 1272 435 1324 mihi
465 1272 737 1325 vobiscum
769 1282 870 1325 est:
902 1272 986 1324 hic
1017 1290 1167 1325 meus
1199 1272 1354 1324 ardor
1384 1271 1515 1324 erit!

103 1342 218 1397 ibat
246 1342 502 1395 ordoratis
531 1360 740 1395 umeros
769 1342 984 1411 perfusa
1015 1341 1217 1411 capillis

175 1413 443 1475 Maeonis,
475 1421 658 1466 aurato
689 1412 1061 1483 conspicienda
1090 1412 1225 1465 sinu.
1845 1430 1932 1471 310

84 1502 266 1538 aurea
294 1484 560 1554 pellebant
589 1483 793 1554 tepidos
824 1483 1135 1535 umbracula
1164 1482 1319 1545 soles,
1862 1478 1868 1485 ’

31 1613 33 1620 ,
175 1572 310 1624 quae
339 1563 516 1608 tamen
545 1554 844 1608 Herculeae
873 1553 1167 1607 sustinuere
1197 1572 1403 1606 manus.

103 1625 210 1679 iam
238 1625 436 1679 Bacchi
465 1643 652 1679 nemus
684 1636 736 1678 et
765 1624 942 1677 Tmoli
972 1624 1149 1678 vineta
1179 1625 1410 1688 tenebat,

174 1697 444 1767 Hesperos
475 1705 527 1750 et
556 1695 706 1749 fusco
735 1695 973 1749 roscidus
1004 1695 1114 1748 ibat
1146 1713 1301 1764 equo.

105 1777 254 1834 antra
282 1767 425 1820 subit
454 1767 570 1820 tofis
601 1767 846 1835 laqueata
876 1777 927 1820 et
956 1766 1166 1835 pumice
1197 1766 1318 1819 vivo
1329 1786 1343 1829 ;
1844 1786 1929 1826 315

173 1838 415 1909 garrulus
446 1838 500 1891 in
530 1838 699 1909 primo
729 1837 907 1891 limine
937 1838 1081 1891 rivus
1112 1849 1241 1891 erat.

103 1908 333 1978 dumque
362 1919 552 1980 parant
581 1909 763 1979 epulas
794 1909 1132 1979 potandaque
1163 1909 1287 1962 vina
1317 1908 1558 1972 ministri,

173 1979 401 2034 cultibus
431 1980 659 2034 Alciden
689 1980 897 2033 instruit
926 1980 1016 2033 illa
1046 1979 1170 2033 suis,

101 2049 193 2104 dat
221 2051 394 2104 tenuis
423 2051 626 2104 tunicas
659 2049 890 2105 Gaetulo
920 2051 1119 2104 murice
1150 2052 1357 2112 tinctae,

172 2122 264 2174 dat
293 2131 510 2175 teretem
541 2140 753 2185 zonam,
784 2139 890 2190 qua
919 2122 1077 2174 modo
1109 2122 1281 2175 cincta
1310 2123 1425 2175 fuit.
1841 2141 1930 2180 320

99 2202 283 2246 ventre
311 2192 483 2246 minor
510 2211 646 2245 zona
675 2202 769 2246 est.
843 2193 1141 2245 tunicarum
1171 2193 1345 2246 vincla
1374 2193 1595 2257 relaxat,

170 2273 231 2316 ut
259 2272 435 2334 posset
466 2283 685 2334 magnas
716 2263 982 2317 exeruisse
1013 2283 1218 2316 manus.

98 2333 330 2404 fregerat
359 2335 587 2388 armillas
618 2353 723 2388 non
753 2335 843 2387 illa
874 2335 942 2387 ad
972 2335 1219 2388 bracchia
1248 2334 1434 2397 factas,

171 2404 478 2458 scindebant
506 2406 688 2475 magni
717 2406 927 2459 vincula
956 2425 1121 2476 parva
1150 2407 1330 2476 pedes.

33 2507 35 2514 ν
69 2475 214 2547 xipsa
242 2476 382 2560 capit
411 2477 721 2546 clavamque
749 2495 969 2547 gravem
999 2478 1330 2547 spoliumque
1360 2478 1526 2531 leonis
1838 2496 1924 2536 325

171 2547 483 2617 cond1taque
512 2548 567 2601 in
596 2548 843 2618 pharetra
872 2549 978 2601 tela
1006 2549 1211 2601 minora
1241 2567 1352 2601 sua.

33 2636 35 2656 ³
100 2617 175 2671 sic
203 2618 372 2689 epulis
401 2618 592 2681 functi,
623 2619 699 2672 sic
729 2619 855 2672 dant
887 2638 983 2672 sua
1014 2638 1236 2690 corpora
1267 2638 1452 2673 somno

170 2698 222 2742 et
249 2689 430 2759 positis
459 2689 610 2743 iuxta
639 2690 928 2744 secubuere
958 2691 1101 2744 toris.

76 2771 279 2813 causa:
310 2761 561 2830 repertori
589 2761 711 2814 vitis
742 2761 867 2830 quia
898 2780 1048 2814 sacra
1076 2763 1352 2832 parabant,

33 2834 35 2894 J
168 2848 304 2899 quae
332 2831 566 2885 facerent
596 2850 751 2902 pure,
783 2850 904 2885 cum
934 2832 1071 2885 foret
1100 2842 1214 2885 orta
1245 2834 1373 2887 dies.
1835 2852 1921 2892 330

97 2902 264 2955 noctis
294 2910 406 2955 erat
435 2902 683 2956 medium.
756 2902 886 2971 quid
914 2921 1022 2955 non
1051 2921 1200 2955 amor
1227 2903 1501 2973 improbus
1532 2904 1725 2958 audet?

166 2972 372 3026 roscida
399 2991 494 3043 per
523 2973 766 3027 tenebras
796 2973 1015 3026 Faunus
1046 2974 1114 3026 ad
1145 2984 1296 3027 antra
1326 2975 1487 3028 venit.

97 3050 260 3112 utque
288 3043 433 3097 videt
461 3045 678 3097 comites
709 3062 892 3096 somno
923 3044 1152 3112 vinoque
1183 3046 1399 3109 solutos,

102 3130 105 3133 ·
169 3133 317 3185 spem
346 3115 487 3185 capit
515 3115 570 3168 in
600 3115 822 3168 dominis
854 3134 969 3168 esse
1000 3116 1201 3185 soporis
1231 3116 1390 3169 idem.

33 3186 35 3191 ’
97 3181 256 3238 intrat
283 3194 336 3239 et
364 3185 470 3239 huc
498 3186 623 3240 illuc
653 3186 962 3240 temerarius
993 3197 1130 3239 errat
1160 3188 1366 3240 adulter
1831 3207 1918 3245 335

90 3260 99 3268 ‘
169 3265 222 3309 et
248 3256 478 3327 praefert
507 3267 687 3310 cautas
719 3257 1163 3326 subsequiturque
1192 3277 1398 3312 manus·

33 3358 35 3361 .
91 3336 310 3379 venerat
341 3327 408 3380 ad
439 3329 586 3381 strati
616 3337 825 3398 captata
854 3329 1050 3381 cubilia
1078 3329 1199 3382 lecti

95 3421 99 3426 ’
171 3406 224 3450 et
249 3397 376 3451 felix
405 3398 577 3468 prima
605 3399 740 3453 forte
770 3399 980 3452 futurus
1010 3410 1137 3452 erat.

24 3468 25 3471 ’
99 3473 160 3519 ut
187 3468 356 3538 tetigit
385 3468 518 3523 fulvi
549 3470 706 3523 saetis
735 3470 937 3523 hirsuta
965 3470 1131 3523 leonis
