2158 3906
544 343 893 391 FASTORUM
922 343 1043 389 LIB.
1076 343 1138 389 11.
1171 344 1325 390 1—81.
1722 330 1790 385 19

83 456 290 505 vectam
318 445 536 501 frenatis
566 465 661 517 per
690 446 845 499 inane
876 445 1194 499 draconibus
1224 446 1445 517 Aegeus

155 517 397 574 credulus
427 518 670 571 inmerita
697 517 935 570 Phasida
963 516 1097 570 fovit
1127 535 1245 588 ope.

84 588 521 661 Amphiareiades
551 588 863 658 Naupactoo
894 587 1135 641 Acheloo

156 660 324 714 ‘solve
353 658 526 712 nefas'
558 659 712 712 dixit:
750 658 905 712 solvit
935 667 987 712 et
1016 659 1103 712 ille
1132 658 1282 713 nefas
1314 698 1329 712 .
1361 697 1376 712 .
1405 695 1425 714 .

86 751 142 798 a,
170 730 391 784 nimium
420 729 626 793 faciles,
658 729 749 798 qui
778 729 946 783 tristia
976 729 1195 783 crimina
1224 728 1401 784 caedis
1818 744 1879 787 45

154 801 402 856 fluminea
431 800 543 854 tolli
572 819 727 871 posse
756 801 954 871 putatis
984 800 1145 870 aqua!

86 873 180 928 sed
209 882 386 926 tamen
413 901 487 910 —
515 871 718 940 antiqui
746 890 814 925 ne
844 871 1053 925 nescius
1084 870 1281 924 ordinis
1312 889 1453 925 erres
1482 900 1556 911 —

155 943 354 1027 primus
364 982 380 1006 ,
408 951 470 997 ut
499 951 602 1005 est,
633 942 751 996 Iani
779 942 976 995 mensis
1008 951 1061 996 et
1089 951 1212 996 ante
1241 941 1360 995 fuit..

85 1033 175 1086 qui
206 1013 445 1083 sequitur
469 1013 685 1077 Ianum,
716 1013 909 1067 veteris
938 1012 1040 1066 fuit
1068 1013 1284 1066 ultimus
1315 1012 1466 1065 anni:

156 1095 214 1138 tu
245 1102 457 1154 quoque
486 1102 777 1148 sacrorum,
808 1083 1082 1146 Termine,
1113 1083 1231 1136 finis
1263 1103 1396 1137 eras.
1824 1099 1885 1139 5ο

84 1157 285 1227 primus
316 1155 457 1210 enim
484 1155 603 1208 Iani
631 1155 851 1218 mensis,
882 1154 1009 1223 quia
1037 1155 1197 1207 ianua
1225 1154 1397 1224 prima
1427 1161 1532 1207 estz

157 1227 248 1296 qui
279 1243 426 1280 sacer
455 1234 535 1279 est
563 1225 680 1278 imis
710 1225 991 1287 Manibus,
1022 1225 1159 1277 imus
1192 1234 1320 1277 erat.

82 1296 361 1369 postmodo
391 1296 676 1349 creduntur
705 1295 874 1366 spatio
905 1294 1152 1347 distantia
1182 1294 1343 1365 longo

154 1376 391 1438 tempora
419 1365 501 1420 bis
531 1365 679 1436 quini
709 1365 1043 1419 continuasse
1072 1364 1188 1418 viri.

5 1541 9 1550 ·
83 1507 350 1578 Principio
379 1507 572 1561 mensis
593 1505 863 1590 Phrygiae
895 1505 1220 1560 contermina
1241 1505 1408 1560 Matri
1447 1504 1486 1548 1·
1510 1505 1564 1549 H
1566 1504 1794 1550 ·K·FEB
1804 1504 1880 1548 ·N
1884 1528 1896 1539 ·

159 1577 372 1649 Sospita
401 1577 632 1632 delubris
665 1578 856 1631 dicitur
886 1586 1042 1631 aucta
1070 1577 1238 1630 novis.
1822 1594 1877 1633 56

85 1654 250 1704 ‘nunc
278 1648 370 1702 ubi
401 1657 546 1711 sunt,
576 1647 678 1702 illis
707 1666 844 1718 quae
875 1657 1000 1701 sunt
1029 1658 1234 1701 sacrata
1264 1647 1524 1704 Kalendis

155 1720 350 1791 templa
379 1719 563 1773 deae?’
594 1719 756 1790 longa
785 1719 1113 1790 procubuere
1144 1719 1245 1772 die.

86 1800 258 1846 cetera
286 1809 353 1844 ne
383 1790 539 1844 simili
569 1790 817 1844 caderent
845 1790 1110 1843 labefacta
1139 1790 1307 1855 ruina,

156 1862 294 1915 cavit
324 1861 512 1915 sacrati
537 1861 761 1945 provida
791 1880 918 1914 cura
948 1861 1114 1924 ducis,
1826 1878 1885 1917 60

85 1933 184 1986 sub
213 1949 318 2001 quo
349 1932 581 1986 delubrls
613 1932 834 1986 sentitur
863 1932 1009 1984 nulla
1039 1941 1307 1986 senectus:

154 2021 253 2057 nec
283 2003 408 2056 satis
432 2012 519 2057 est
548 2002 810 2067 homineS,
842 2003 1042 2074 obligat
1071 2003 1159 2057 ille
1190 2002 1333 2057 deos.

83 2074 400 2144 templorum
428 2074 650 2144 positor,
679 2074 995 2144 templorum
1026 2083 1202 2127 sancte
1232 2082 1492 2145 repostor,

155 2145 223 2199 sit
252 2145 478 2228 superis,
510 2154 635 2215 opto
645 2184 659 2209 ,
691 2155 876 2197 mutua
906 2163 1034 2198 cura
1063 2145 1157 2197 tui.

84 2215 210 2270 dent
239 2215 335 2269 tib1
365 2216 639 2279 caelestes,
669 2233 803 2285 quos
834 2225 892 2268 tu
922 2215 1259 2278 caelestibuS,
1291 2233 1476 2279 annos,
1825 2232 1882 2273 65

155 2304 354 2358 proque
384 2295 477 2340 tua
506 2296 754 2340 maneant
783 2286 837 2339 in
868 2286 1091 2340 statione
1123 2286 1296 2339 domo.
1326 2316 1400 2324 —

29 2348 33 2392 ἕ
84 2368 210 2412 tunc
240 2375 450 2427 quoque
479 2357 638 2411 vicini
666 2358 817 2411 lucus
849 2357 1144 2410 celebratur
1173 2357 1412 2420 Helerni,

156 2447 261 2498 qua
289 2428 420 2500 petit
449 2446 736 2498 aequoreas
767 2428 973 2481 advena
1002 2428 1233 2499 Thybris
1264 2445 1446 2496 aquas.

78 2499 170 2583 ad·
182 2500 448 2570 penetrale
479 2500 687 2553 Numae
720 2497 1188 2570 Capitolinumque
1219 2499 1521 2553 Tonantem

155 2588 315 2639 mque
345 2570 488 2624 Iovis
519 2590 726 2624 summa
755 2570 993 2624 caeditur
1022 2589 1141 2623 arce
1171 2569 1374 2624 bidenS.
1825 2587 1881 2626 ⁷0

35 2645 39 2657 “
87 2659 243 2712 saepe
271 2660 460 2724 graves
489 2642 696 2712 pluvias
727 2641 1011 2712 adopertus
1040 2641 1271 2694 nubibus
1304 2649 1483 2695 auster

157 2720 405 2776 concitat,
436 2721 528 2766 aut
555 2712 727 2784 posita
756 2713 856 2766 sub
886 2712 1007 2779 nive
1037 2721 1178 2766 terra
1205 2712 1351 2765 latet.

86 2852 369 2907 Proximus
398 2853 687 2924 Hesperias
717 2853 876 2907 Titan
908 2853 1147 2907 abiturus
1177 2854 1232 2906 in
1261 2852 1433 2906 undas
1508 2850 1556 2896 2·
1586 2850 1699 2896 ΑΝ
1732 2850 1779 2896 3·
1810 2852 1918 2896 ΒΝ

158 2943 399 2994 gemmea
427 2924 706 3007 purpureis
737 2943 857 2978 cum
886 2925 1015 2994 iuga
1043 2925 1218 2978 demet
1248 2924 1416 2993 equis,

88 2994 176 3048 illa
204 3004 357 3049 nocte
387 2995 576 3064 aliquis
606 2995 793 3048 tollens
825 2995 893 3048 ad
923 2996 1095 3048 sidera
1124 2996 1327 3048 voltum
1827 3012 1882 3051 75

161 3066 296 3120 dicet
326 3066 444 3119 ‘ubi
473 3075 550 3120 est
581 3065 737 3119 hodie
767 3083 905 3135 quae
935 3066 1085 3135 Lyra
1113 3065 1262 3119 fulsit
1289 3064 1459 3119 heri?’

91 3135 320 3206 dumque
349 3136 553 3207 Lyram
582 3147 822 3205 quaeret,
853 3137 1014 3190 medii
1044 3155 1255 3207 quoque
1285 3146 1436 3207 terga
1463 3135 1666 3191 Leonis

59 3233 89 3311 ς,
157 3207 214 3260 in
241 3207 467 3277 liquidas
497 3208 671 3261 subito
701 3227 874 3262 mersa
901 3208 1105 3262 notabit
1134 3225 1317 3278 aquas.

94 3345 268 3416 Quem
297 3350 453 3403 modo
484 3351 744 3404 caelatum
774 3348 935 3404 stellis
965 3349 1236 3421 Delphina
1264 3350 1502 3414 videbas,
1741 3346 1787 3392 4-
1823 3348 1862 3391 C
1873 3348 1920 3390 Ν

163 3419 207 3472 is
235 3419 405 3490 fugiet
432 3421 577 3474 visus
605 3431 760 3476 nocte
792 3430 1043 3490 sequente
1073 3431 1219 3475 tuos:
1831 3436 1888 3476 80

97 3506 190 3543 seu
219 3490 319 3544 fuit
348 3492 564 3561 occultis
593 3492 722 3546 felix
750 3493 805 3546 in
836 3493 1104 3546 amoribus
1132 3492 1310 3558 index,

1373 3574 1379 3577 ,
1461 3573 1519 3617 2,
