2158 3906
535 330 883 378 FASTORUM
912 331 1034 376 LIB.
1065 331 1148 378 lv.
1182 332 1422 378 318—402.
1767 320 1840 375 67

198 449 318 486 cum
348 438 495 484 tanto
526 450 558 484 a
587 430 826 503 Phrygia
858 430 1067 486 Gallica
1097 433 1253 486 distet
1284 432 1535 486 humus?’

127 501 306 555 ‘inter'
340 501 411 554 ait
442 501 687 556 ‘viridem
719 501 957 572 Cybelen
991 504 1227 572 altasque
1260 501 1519 557 Celaenas

198 570 364 625 amnis
394 571 434 624 it
463 571 671 635 insana,
703 573 912 626 nomine
946 573 1160 637 Gallus,
1192 592 1345 642 aqua.

127 642 218 713 qui
248 641 382 695 bibit
410 642 554 706 inde,
585 643 728 696 furit.
802 645 986 714 procul
1016 644 1137 698 hinc
1168 645 1442 708 discedite,
1473 644 1592 715 quis
1624 654 1705 700 est
1866 663 1954 701 365

197 730 323 766 cura
355 713 522 767 bonae
551 714 765 768 mentis:
798 714 889 783 qui
920 715 1051 767 bibit
1081 715 1229 779 inde,
1260 715 1420 769 furit.'

126 788 255 837 ‘non
283 783 446 854 pudet
475 783 783 838 herbosum’
816 785 925 838 dixi
957 787 1219 856 ‘posuisse
1251 796 1513 842 moretum

195 853 249 907 in
280 853 522 909 dominae
552 856 764 909 mensis.
839 876 907 909 an
938 875 1033 910 sua
1063 876 1224 910 causa
1253 858 1491 911 subest?’

39 961 50 973 .
126 923 284 979 ‘lacte
316 943 459 979 mero
490 935 693 982 veteres
725 926 807 980 usi
836 937 1114 981 narrantur
1144 938 1194 981 et
1225 927 1420 992 herbis,

195 1004 379 1066 sponte
410 1015 507 1050 sua
537 997 581 1050 si
611 1015 743 1067 quas
774 1007 912 1052 terra
941 998 1167 1053 ferebat'
1201 999 1288 1053 ait.
1868 1015 1958 1054 370

125 1065 403 1125 ‘candidus
435 1067 593 1123 elisae
623 1069 872 1123 miscetur
905 1087 1089 1123 caseus
1119 1069 1332 1131 herbae,

109 1203 112 1210 Ι
197 1147 480 1207 cognoscat
508 1139 708 1209 priscos
738 1149 796 1193 ut
826 1140 926 1194 dea
955 1140 1128 1210 prisca
1158 1139 1338 1193 cibos.'

122 1263 345 1319 Postera
373 1283 494 1319 cum
525 1266 670 1319 caelo
699 1266 854 1319 motis
884 1266 1174 1319 Pallantias
1206 1267 1358 1319 astris
1476 1265 1523 1309 5·
1560 1267 1602 1311 G
1632 1266 1795 1311 NON
1819 1273 1955 1310 MD!

194 1334 423 1399 fulserit,
455 1344 508 1389 et
537 1335 720 1390 niveos
751 1336 910 1389 Luna
939 1336 1126 1389 levarit
1156 1354 1339 1405 equos,

123 1405 214 1476 qui
244 1405 380 1460 dicet
412 1406 701 1476 ‘quondam
732 1416 937 1461 sacrata
966 1416 1044 1461 est
1077 1407 1208 1460 colle
1241 1406 1454 1474 Quirini
1863 1427 1949 1466 375>

110 1507 116 1543 3
193 1475 292 1531 hac
321 1476 557 1531 Fortuna
586 1477 670 1533 die
699 1477 966 1541 Publica‚'
998 1496 1154 1531 verus
1186 1477 1299 1532 erit.

123 1604 303 1659 Tertia
337 1604 430 1657 lux
459 1603 722 1674 (memini)
751 1604 891 1658 ludis
921 1615 1055 1668 erat,
1088 1623 1150 1658 ac
1181 1605 1307 1659 mihi
1339 1606 1555 1677 quidam
1587 1604 1633 1649 6'·
1658 1607 1710 1650 H
1728 1606 1800 1650 Μ’
1821 1616 1954 1680 UD!
2005 1590 2009 1594 s

174 1674 450 1747 *spectanti
479 1675 652 1730 senior
681 1675 1067 1746 continuusque
1097 1677 1214 1730 loco
1618 1662 1662 1762 g,-
1695 1664 1954 1763 ’ἕλζζῗζῖζ

123 1745 298 1800 ‘haec'
330 1746 403 1800 ait
431 1746 545 1804 ‘illa
574 1747 710 1810 dies,
742 1746 962 1818 Libycis
992 1765 1099 1817 qua
1130 1745 1331 1801 Caesar
1360 1745 1413 1800 in
1445 1748 1550 1801 oris
1616 1754 1662 1820 9]
1697 1742 1796 1820 ij
1815 1785 1841 1818 L
1862 1784 1951 1817 Η),

193 1816 393 1887 perfida
422 1817 745 1888 magnanimi
777 1818 1015 1871 contudit
1045 1837 1191 1871 arma
1226 1818 1405 1872 Iubae.

123 1888 230 1941 dux
262 1887 388 1940 mihi
420 1886 618 1942 Caesar
648 1897 784 1953 erat,
816 1890 915 1942 sub
945 1908 1051 1959 quo
1083 1889 1337 1944 meruisse
1370 1890 1612 1944 tribunus
1860 1909 1940 1949 381

193 1958 410 2029 glorior3
442 1959 616 2012 officio
645 1959 872 2030 praefuit
902 1960 989 2015 ille
1020 1980 1155 2015 mec.

120 2028 259 2082 hanc
288 2047 388 2099 ego
419 2029 603 2083 militia
633 2030 809 2084 sedem
820 2069 835 2094 ‚
867 2040 924 2084 tu
954 2050 1084 2102 pace
1115 2031 1328 2102 parasti,

191 2100 328 2153 inter
360 2099 437 2153 bis
467 2100 654 2184 quinos
685 2120 811 2154 usus
841 2100 1038 2156 honore
1069 2102 1241 2155 viros.'

119 2171 274 2242 plura
300 2170 525 2224 locutum
555 2171 729 2224 subito
760 2172 1060 2225 seducimur
1090 2173 1281 2228 imbrex
1861 2191 1947 2232 385

191 2241 422 2312 pendula
451 2242 688 2296 caelestis
718 2242 886 2296 Libra
914 2243 1161 2297 movebat
1192 2261 1372 2314 aquas.

120 2321 242 2366 ante
272 2321 472 2375 tamen,
503 2330 663 2381 quam
696 2332 901 2366 summa
931 2314 1042 2368 dies
1073 2315 1373 2385 spectacula
1404 2315 1568 2380 sistat,

191 2381 384 2436 ensifer
414 2381 584 2442 Orion
615 2401 844 2454 aequore
874 2403 1076 2438 mersus
1109 2385 1220 2440 erit.

0 2497 2 2520 *
63 2512 66 2513 ’
119 2501 370 2556 Proxima
399 2502 665 2557 victricem
696 2522 818 2558 cum
847 2504 1074 2558 Romam
1105 2505 1392 2576 inspexerit
1420 2504 1550 2569 Eos,
1682 2506 1755 2548 10.
1791 2507 1899 2549 DN

191 2582 242 2627 et
271 2573 472 2628 dederit
498 2573 720 2629 Phoebo
750 2576 902 2629 stella
930 2576 1116 2646 fugata
1144 2577 1337 2638 locum,
1424 2620 1430 2629 .
1632 2561 1660 2595 1‘
1676 2562 1946 2598 ‘'D'LV'CW

40 2655 46 2662 '
121 2641 308 2698 Circus
338 2644 436 2698 erit
463 2663 660 2716 pompa
687 2646 894 2700 celeber
922 2665 1247 2717 numeroque
1279 2647 1515 2711 deorum,
1858 2668 1937 2706 391

189 2715 462 2786 primaque
492 2717 720 2770 ventosis
750 2718 926 2787 palma
955 2728 1164 2788 petetur
1193 2719 1359 2787 equis.

119 2834 262 2888 Hinc
286 2833 496 2890 Cereris
524 2835 652 2893 ludi.
710 2855 818 2890 non
842 2846 921 2892 est
944 2856 1077 2908 opus
1099 2837 1271 2892 indice
1295 2857 1480 2892 causa:
1526 2837 1595 2880 ll·
1620 2838 1726 2881 ΕΝ
1751 2839 1822 2882 12·
1849 2841 1889 2882 F
1895 2842 1948 2883 Ν

190 2916 373 2975 sponte
403 2906 533 2961 deae
563 2926 756 2961 munus
784 2909 1233 2978 promeritumque
1261 2918 1421 2979 patet.
1546 2895 1575 2928 I‘
1592 2894 1914 2930 ‘DI'CEREM

120 2976 268 3048 panis
299 2986 409 3036 erat
438 2977 619 3048 primis
650 2978 841 3033 virides
873 2979 1183 3032 mortalibus
1210 2979 1424 3043 herbae,
1857 2999 1942 3038 395

190 3065 320 3116 quas
350 3049 503 3103 tellus
533 3050 678 3103 nullo
708 3049 1016 3104 sollicitante
1047 3049 1224 3104 dabat.

121 3125 173 3173 et
201 3118 358 3175 modo
388 3120 675 3189 carpebant
703 3120 861 3174 vivax
891 3140 920 3175 e
951 3121 1180 3191 caespite
1210 3141 1446 3192 gramen,

190 3207 330 3243 nunc
361 3191 546 3261 epulae
576 3201 756 3246 tenera
784 3191 971 3246 fronde
1001 3211 1255 3246 cacumen
1285 3203 1449 3246 erant.

119 3260 394 3333 postmodo
424 3261 576 3332 glans
607 3273 731 3316 nata
760 3272 855 3318 est.
931 3263 1064 3318 bene
1095 3274 1207 3317 erat
1235 3264 1340 3317 iam
1370 3264 1564 3334 glande
1596 3275 1820 3337 reperta,

191 3329 321 3384 dura
358 3350 425 3386 ue
455 3334 761 3403 magnificas
792 3352 1018 3404 quercus
1047 3334 1277 3389 habebat
1306 3354 1451 3406 opes.
1854 3354 1941 3392 400

120 3400 288 3472 prima
369 3421 506 3466 ereS,
536 3403 746 3459 homine
775 3405 844 3459 ad
873 3406 1089 3460 meliora
1117 3406 1367 3461 alimenta
1398 3417 1604 3471 vocat0,

191 3473 414 3526 mutavit
442 3474 661 3544 glandes
691 3476 898 3532 utiliore
929 3476 1066 3532 cibo.

1490 3562 1547 3603 5,
