2158 3906
346 299 449 352 150
892 308 947 352 P.
981 306 1187 353 OV1D11
1216 306 1488 353 NASONIS

347 412 656 478 suflccitque
687 409 838 461 malis
869 409 1099 460 animus:
1131 427 1254 460 nam
1285 427 1474 478 corpus
1506 410 1573 461 ab
1604 410 1693 462 illo

419 482 620 550 accepit
651 480 786 531 vires
816 478 1010 561 vixque
1041 479 1259 532 ferenda
1287 481 1422 531 tulit.

263 568 316 607 15
348 552 473 604 dum
506 562 682 603 tamen
713 559 762 602 et
794 550 961 602 ventis
994 549 1186 602 dubius
1216 551 1451 602 iactabar
1481 560 1533 603 et
1563 551 1737 614 undiS,

418 621 634 674 f1llebat
665 639 756 673 cui
759 640 815 672 as
847 638 1112 690 aegraque
1145 621 1304 673 corda
1331 621 1504 674 labor:

346 702 405 745 ut
436 692 521 743 via
550 691 698 742 finita
729 701 806 744 est
837 701 889 744 et
919 710 1052 760 opus
1082 692 1339 759 requievit
1370 693 1545 753 eundi,

418 773 470 814 et
488 780 699 844 poenae
730 762 885 814 tellus
918 771 998 815 est
1026 761 1155 813 mihi
1184 772 1324 815 tacta
1353 783 1519 844 meae,

346 834 419 884 nil
449 832 548 884 nisi
578 833 702 885 flere
732 832 884 895 libet,
916 851 1013 886 nec
1043 842 1220 885 nostro
1252 833 1459 903 parcior
1488 834 1656 887 imber

259 920 315 959 20
415 903 636 965 lumine,
670 902 734 955 de
764 922 925 956 verna
955 922 1115 971 quam
1146 904 1267 957 nive
1297 913 1477 956 manat
1506 922 1659 972 aqua.

346 974 519 1026 Roma
549 974 842 1042 domusque
874 974 1015 1026 subit
1045 974 1468 1043 desideiiumque
1497 975 1751 1039 locorum,

417 1044 670 1112 quicquid
700 1054 752 1097 et
782 1044 975 1097 amissa
1004 1055 1166 1098 restat
1194 1046 1250 1097 in
1278 1046 1409 1098 urbe
1440 1045 1559 1099 mei.

346 1115 394 1168 ei
425 1115 575 1178 mihi,
607 1115 751 1184 quod
780 1116 970 1168 totiens
1001 1116 1165 1168 nostri
1193 1117 1402 1185 pulsata
1434 1118 1659 1186 sepulcri

417 1187 596 1247 ianua,
630 1187 722 1238 sed
751 1187 895 1239 nullo
925 1195 1162 1256 tempore
1193 1196 1375 1257 aperta
1403 1186 1526 1239 fuit!

263 1273 314 1311 25
348 1275 441 1309 cur
471 1275 570 1327 ego
601 1266 678 1309 tot
707 1252 911 1327 gladios
942 1258 1082 1327 fugi,
1114 1258 1409 1324 totiensque
1439 1259 1637 1310 minata

418 1328 590 1381 obruit
619 1327 805 1380 infelix
834 1329 979 1381 nulla
1009 1330 1240 1398 procella
1270 1329 1458 1399 caput?

347 1398 423 1461 di,
456 1416 587 1467 quos
619 1399 859 1468 experior
887 1399 1110 1452 nimium
1140 1410 1440 1453 constanter
1469 1400 1693 1467 iniquOS,

416 1469 695 1539 participes
726 1470 834 1523 irae
865 1489 996 1539 quos
1028 1471 1158 1523 deus
1189 1490 1325 1523 unus
1355 1471 1531 1532 habet,

347 1541 704 1603 exstimulate,
737 1558 946 1610 precor,
979 1542 1237 1594 cessantia
1266 1542 1376 1594 fata
1406 1541 1617 1609 meique

259 1626 316 1666 30
416 1611 657 1664 interitus
689 1611 893 1664 clausas
926 1630 1039 1666 esse
1070 1622 1243 1666 vetate
1274 1611 1436 1666 fores!

1086 1725 1190 1778 ΙΙΙ.

345 1823 498 1875 Haec
528 1842 667 1886 mea,
701 1823 745 1876 si
776 1842 902 1876 casu
932 1824 1161 1886 mirariS,
1194 1825 1418 1893 epistula
1447 1843 1609 1892 quare

418 1894 630 1947 alterius
662 1893 838 1963 digitis
871 1894 1063 1964 scripta
1094 1894 1184 1947 sit:
1218 1914 1376 1965 aeger
1407 1915 1566 1948 eram.

347 1983 506 2032 aeger
535 1965 587 2016 in
620 1965 866 2018 extremis
897 1965 1064 2035 ignoti
1094 1966 1332 2035 partibus
1364 1967 1504 2018 orbis

416 2036 751 2104 incertusque
781 2055 931 2088 meae
961 2054 1129 2119 paene
1160 2037 1342 2089 salutis
1375 2056 1534 2090 eram.

286 2121 315 2160 5
346 2106 474 2174 quid
503 2106 633 2158 mihi
662 2125 803 2160 nunc
834 2107 996 2159 animi
1026 2106 1138 2160 dira
1167 2108 1381 2178 regione
1413 2108 1603 2161 iacenti

417 2177 553 2230 inter
584 2176 925 2231 Sauromatas
957 2197 1072 2231 esse
1105 2150 1377 2247 Getasque
1406 2180 1593 2250 putes?

344 2265 443 2300 nec
474 2248 679 2301 caelum
709 2249 880 2332 patior
910 2268 1008 2302 nec
1040 2249 1191 2318 aquis
1223 2251 1559 2303 adsuevimus
1590 2251 1720 2312 istis,

417 2329 659 2386 terraque
690 2320 868 2372 nescio
899 2338 1005 2388 quo
1035 2339 1142 2372 non
1172 2321 1390 2390 placet
1375 2341 1491 2391 ipsa
1520 2322 1694 2373 modo,

345 2407 450 2440 non
482 2390 667 2442 domus
700 2399 823 2459 apta
854 2391 1001 2452 satiS,
1032 2409 1140 2443 non
1170 2391 1255 2444 hic
1286 2392 1433 2444 cibus
1463 2392 1603 2444 utilis
1635 2409 1811 2460 aegxo,

262 2477 316 2515 10
417 2460 615 2523 nullus,
647 2461 932 2530 Apollinea
962 2461 1053 2529 qui
1082 2462 1222 2514 levet
1252 2471 1362 2515 arte
1392 2463 1615 2515 malum·

345 2548 452 2582 non
482 2530 573 2598 qui
604 2531 823 2594 soletur,
855 2550 961 2583 non
993 2531 1084 2600 qui
1112 2532 1345 2585 labentia
1374 2533 1523 2586 tarde

417 2611 654 2670 tempora
683 2602 944 2654 narrando
975 2603 1148 2665 fallat,
1180 2604 1380 2656 amicus
1411 2604 1575 2656 adest.

344 2671 559 2724 lassus
544 2691 599 2723 1n
630 2673 876 2725 extremis
906 2673 1053 2726 iaceo
1083 2674 1396 2743 populisque
1426 2675 1676 2742 locisque,

418 2751 468 2795 et
499 2742 640 2795 subit
671 2743 879 2797 adfecto
909 2762 1049 2797 nunc
1079 2744 1234 2806 mihi,
1266 2745 1519 2813 quicquid
1549 2746 1713 2798 abest.

263 2830 314 2869 15
347 2812 523 2866 omnia
553 2832 673 2866 cum
706 2815 953 2876 subeant,
983 2814 1150 2868 vincis
1181 2825 1357 2869 tamen
1387 2817 1585 2879 omnia,
1617 2816 1861 2880 coniunx,

417 2893 468 2936 et
497 2885 659 2954 plus
644 2905 700 2937 ln
729 2895 908 2938 nostro
938 2895 1147 2956 pectore
1179 2896 1326 2956 parte
1357 2895 1518 2940 tenes.

343 2963 396 3008 te
426 2956 612 3023 loquor
642 2956 939 3019 absentem,
970 2966 1021 3010 te
1051 2975 1157 3010 vox
1187 2976 1305 3010 mea
1333 2958 1570 3010 nominat
1598 2977 1783 3011 unam:

415 3027 560 3079 nulla
590 3027 733 3080 venit
763 3027 874 3081 sine
904 3037 956 3081 te
984 3045 1092 3081 nox
1121 3028 1274 3091 mihi,
1305 3029 1451 3081 nulla
1481 3029 1607 3082 dies,

346 3097 473 3164 quin
503 3097 661 3150 etiam
690 3097 765 3151 sic
794 3117 879 3152 me
912 3099 1093 3151 dicunt
1122 3099 1294 3151 aliena
1321 3100 1573 3161 locutum,

261 3184 315 3223 20
416 3176 475 3219 ut
504 3167 640 3220 foret
671 3169 866 3221 amenti
894 3187 1088 3222 nomen
1116 3170 1171 3221 in
1201 3188 1290 3222 ore
1320 3179 1486 3222 tuum.

346 3237 390 3289 si
419 3238 525 3289 iam
556 3238 819 3300 deficiam,
852 3257 1239 3308 suppressaque
1269 3240 1451 3310 lingua
1481 3241 1658 3309 palato

416 3308 506 3360 vix
535 3309 783 3361 instillato
815 3309 1137 3362 restituenda
1167 3328 1328 3372 mero,

345 3378 550 3431 nuntiet
579 3378 683 3432 huc
714 3379 900 3447 aliquis
932 3379 1199 3432 dominam
1229 3381 1455 3434 venisse·
1488 3401 1778 3452 resumam,

417 3467 642 3520 spesque
672 3450 749 3503 tui
778 3450 929 3503 nobis
961 3469 1123 3504 causa
1149 3451 1346 3521 vigoris
1378 3453 1488 3505 erit.
