2158 3906
370 301 440 355 32
926 306 980 349 P.
1014 303 1218 350 OVIDII
1249 301 1519 349 NASONIS

446 419 618 474 ‘nata,
650 421 770 463 tene
800 405 1077 476 linguam‚’
1109 423 1208 457 nec
1238 414 1415 457 tamen
1443 404 1534 456 illa
1563 412 1721 456 tenet.

376 502 513 553 quae
544 482 700 534 simul
731 498 792 531 ac
823 477 996 546 tetigit
1023 476 1277 527 Iuturnae
1309 486 1496 550 stagna
1526 475 1734 537 sororiS,

450 551 674 621 ‘effuge’
709 550 781 601 ait
812 546 1025 616 ‘ripasl'
1058 546 1198 598 dicta
1226 546 1490 614 refertque
1521 545 1682 597 Iovis·

262 645 346 684 605
376 625 467 678 illa
498 623 656 675 etiam
685 621 944 672 Iunonem
976 617 1127 679 adiit,
1156 616 1508 685 miserataque
1537 625 1773 685 nuptam,

450 693 645 745 ‘Naida
676 691 952 742 Iuturnam
982 688 1062 740 vir
1090 687 1236 739 tuus’
1270 688 1440 755 inquit
1470 687 1668 739 ‘amat.’

376 764 615 834 Iuppiter
644 759 917 822 intumuit,
949 776 1160 826 quaque
1192 768 1271 811 est
1299 777 1405 810 non
1434 777 1531 810 usa
1560 757 1813 819 modeste,

451 834 602 902 eripit
630 831 753 883 huic
782 831 1021 899 linguam
1050 829 1485 897 Mercuriumque
1515 837 1685 881 vocat.

378 905 507 957 ‘duc
537 904 672 955 hanc
703 902 770 954 ad
800 901 1018 953 Manes:
1049 901 1198 952 locus
1228 900 1316 952 ille
1348 899 1619 952 silent-ibus
1650 907 1821 967 aptus

262 995 349 1035 610
448 975 710 1044 nympha,
743 972 836 1025 sed
865 971 1101 1024 infernae
1131 970 1365 1040 nympha
1393 970 1626 1040 paludis,
1659 968 1788 1022 erit.’

377 1047 522 1099 iussa
551 1044 695 1096 Iovis
726 1043 882 1095 fiunt:
915 1042 1118 1112 accepit
1146 1042 1296 1094 lucus
1328 1052 1528 1093 euntes.

452 1116 644 1169 dicitur
673 1115 762 1166 illa
794 1113 915 1166 duci
946 1122 1072 1165 tunc
1101 1112 1363 1183 placuisse
1394 1112 1509 1165 dec.

379 1188 489 1242 vim
519 1195 672 1257 parat
700 1185 811 1248 hic,
843 1185 991 1237 voltu
1020 1202 1116 1253 pro
1146 1183 1320 1236 verbis
1350 1183 1441 1235 illa
1469 1191 1731 1252 precatur,

454 1267 506 1311 et
535 1258 731 1309 frustra
759 1264 907 1307 muto
937 1255 1121 1307 nititur
1150 1273 1239 1307 ore
1269 1254 1430 1322 loqui.

265 1348 351 1388 615
381 1330 545 1398 fitque
576 1327 754 1397 gravis
784 1325 1131 1396 geminosque
1161 1324 1322 1395 parit,
1354 1324 1447 1392 qui
1477 1323 1706 1392 compita
1739 1329 1949 1376 servant

455 1409 505 1454 et
535 1399 756 1468 vigilant
786 1406 966 1449 nostra
998 1415 1205 1466 semper
1234 1396 1287 1447 in
1318 1396 1475 1458 urbe,
1505 1395 1691 1446 Lares.

382 1540 638 1595 Proxima
668 1538 879 1608 cognati
910 1538 1088 1590 dixere
1121 1535 1352 1589 Caristia
1381 1536 1506 1600 cari,
1892 1529 1972 1575 22·
2003 1530 2049 1574 E
2058 1531 2098 1575 0

455 1620 507 1663 et
537 1610 681 1663 venit
712 1610 781 1661 ad
811 1609 980 1661 socios
1011 1608 1168 1660 turba
1196 1608 1493 1677 propinqua
1524 1607 1667 1659 deos.

387 1682 585 1735 scilicet
614 1701 646 1733 a
674 1680 891 1732 tumulis
923 1689 997 1742 et,
1029 1678 1119 1747 qui
1148 1679 1372 1747 periere,
1402 1676 1710 1748 propinquis

270 1772 355 1811 620
457 1752 694 1822 protinus
726 1751 794 1803 ad
824 1751 972 1802 vivos
1005 1769 1096 1802 ora
1126 1750 1321 1802 referre
1351 1750 1498 1801 iuvat

384 1833 611 1894 postque
641 1831 720 1874 tot
750 1821 994 1882 amisSOS,
1026 1820 1278 1888 quicquid
1309 1820 1373 1872 de
1405 1819 1661 1888 sanguine
1692 1826 1872 1880 restat,

459 1894 694 1963 aspicere
725 1902 776 1945 et
805 1892 1013 1961 generis
1045 1891 1378 1943 dinumerare
1408 1890 1622 1960 gradus.

385 1965 601 2018 innocui
621 1963 881 2016 veniant..
933 1963 1117 2032 procul
1148 1962 1293 2024 hinc,
1324 1961 1508 2030 procul
1537 1959 1730 2030 impius
1762 1968 1873 2012 esto

457 2036 644 2098 frater,
675 2043 727 2087 et
757 2034 812 2085 in
842 2044 1024 2103 partus
1055 2042 1222 2085 mater
1253 2032 1442 2084 acerba
1473 2049 1613 2094 sUOS,

272 2125 355 2164 625
388 2106 474 2159 cui
503 2114 653 2175 pater
683 2113 763 2157 est
791 2105 974 2166 vivaX,
1005 2104 1097 2172 qui
1127 2104 1306 2155 matris
1339 2102 1529 2172 digerit
1559 2120 1742 2165 annOS,

458 2195 595 2245 quae
624 2175 815 2245 premit
844 2175 1069 2235 invisam
1100 2193 1280 2227 socrus
1318 2173 1500 2242 iniqua
1528 2192 1739 2225 nurum.

387 2247 701 2301 Tantalidae
731 2247 919 2299 fratres
950 2246 1123 2298 absint
1154 2255 1206 2298 et
1235 2245 1439 2297 Iasonis
1470 2262 1621 2306 uxor,

460 2328 512 2372 et
541 2336 678 2386 quae
707 2317 946 2369 ruricolis
978 2316 1178 2368 semina
1207 2324 1344 2368 tosta
1373 2316 1535 2376 dedit,

390 2398 443 2442 et
473 2407 620 2442 soror
651 2396 703 2440 et
731 2388 947 2456 Progne
977 2387 1287 2455 Tereusque
1318 2386 1524 2438 duabus
1555 2385 1783 2452 iniquus,

275 2479 360 2517 630
463 2468 515 2512 et
545 2459 865 2527 quicumque
897 2475 1018 2510 suas
1050 2476 1145 2527 per
1174 2457 1345 2510 scelus
1376 2465 1538 2526 auget
1568 2474 1710 2525 opes·

392 2531 471 2582 dis
502 2530 708 2599 generis
741 2529 860 2581 date
891 2537 1034 2590 tura,
1070 2528 1207 2580 boni.
1283 2525 1584 2580 Concordia
1613 2526 1780 2579 fertur

461 2602 550 2652 illa
579 2600 862 2669 praecipue
892 2599 1031 2650 mitis
1063 2599 1246 2660 adesse
1278 2599 1378 2651 die.

391 2681 444 2724 et
472 2671 634 2723 libate
665 2671 852 2739 dapeS,
883 2679 965 2731 ut,
995 2670 1133 2739 grati
1161 2669 1354 2739 pignus
1384 2668 1614 2730 honoris,

461 2741 659 2794 nutriat
687 2741 941 2793 incinctos
971 2740 1131 2792 missa
1159 2741 1354 2809 patella
1383 2739 1570 2792 Lares.

276 2830 359 2869 635
391 2813 602 2880 iamque
632 2812 726 2864 ubi
756 2811 997 2864 suadebit
1027 2811 1262 2880 placidos
1291 2829 1398 2863 nox
1426 2810 1608 2863 umida
1639 2827 1865 2871 somnos,

463 2885 613 2953 larga
641 2882 905 2953 precaturi
935 2882 1124 2935 sumite
1155 2882 1278 2934 vina
1306 2901 1469 2934 manu

394 2963 446 3007 et
477 2955 635 3007 ‘bene
667 2972 785 3015 VOS,
817 2954 951 3006 bene
981 2962 1058 3015 te,
1088 2953 1290 3022 patriae
1320 2961 1494 3022 pater,
1526 2952 1720 3022 optime
1753 2947 2001 3003 Caesarl'

465 3025 622 3077 dicite
654 3024 857 3077 suffuso
889 3033 970 3077 ter
999 3042 1147 3076 sacra
1177 3023 1339 3076 verba
1370 3041 1530 3076 mero.

391 3166 514 3218 Nox
536 3166 630 3218 ubi
656 3166 937 3227 transierit,
964 3165 1115 3217 solito
1138 3164 1432 3217 celebretur
1453 3163 1668 3223 honore,
1693 3159 1772 3203 23·
1795 3160 1838 3203 F
1859 3160 1949 3203 TE
1955 3158 2108 3203 R·N'

279 3255 363 3294 640
467 3244 676 3305 separat
706 3235 899 3287 indicio
931 3235 1021 3303 qui
1053 3235 1183 3287 deus
1213 3253 1340 3286 arva
1371 3251 1482 3286 suo·

394 3307 668 3369 Termine,
700 3306 811 3358 sive
842 3306 1000 3374 lapis,
1033 3304 1143 3357 sive
1174 3324 1229 3357 es
1261 3304 1502 3357 defossus
1531 3302 1588 3355 in
1618 3321 1746 3372 agro

465 3378 652 3446 stipeS,
684 3377 751 3428 ab
784 3376 1012 3444 antiquis
1043 3384 1100 3428 tu
1130 3392 1342 3443 quoque
1371 3393 1572 3427 numen
1600 3373 1780 3427 habes.

393 3457 445 3501 te
477 3448 580 3500 duo
612 3447 819 3500 diversa
851 3446 1049 3499 domini
1079 3446 1143 3499 de
1173 3454 1322 3516 parte
1355 3453 1612 3499 coronant
