2158 3906
60 1899 98 1965 ,ῥεῖ

525 362 615 408 Ex
643 363 859 410 PoNTo
889 363 1012 410 Lm.
1042 364 1081 410 1.
1112 365 1152 422 1,
1183 364 1358 423 33-11,
1388 365 1460 410 38.
1742 354 1846 409 217

135 466 235 520 hoc
263 462 392 518 mihi
423 462 466 518 si
497 464 698 535 superi,
730 483 957 534 quorum
987 484 1169 519 sumus
1200 466 1399 530 omnia,
1431 466 1659 529 credent,

206 535 426 590 forsitan
456 535 651 607 exigua
681 536 874 606 dignus
905 535 1141 591 habebor
1171 555 1270 607 ope

135 607 293 676 inque
322 606 498 660 locum
531 605 782 675 Scythico
813 624 1040 660 vacuum
1071 607 1317 661 mutabor
1346 607 1414 661 ab
1444 625 1587 663 arcu.

204 676 323 749 plus
351 675 477 740 isto,
508 675 650 739 duri,
681 676 727 730 si
756 695 966 747 precer,
999 678 1102 731 oris
1133 696 1239 732 ero.
1876 698 1935 739 80

955 791 1032 844 ΙΙ.

134 888 395 951 Maxime,
426 888 520 958 qui
548 889 680 943 tanti
709 907 1012 943 mensuram
1043 891 1269 945 nominis
1299 892 1487 964 imples
1697 892 1918 938 FABIO

206 970 257 1014 et
285 958 524 1030 geminas
556 959 717 1013 animi
745 960 1017 1015 nobilitate
1047 980 1240 1032 genus:
1649 949 1841 994 ΜΑΧῙ
1842 949 1902 994 Μ
1904 949 1958 994 0·

135 1030 226 1102 qui
254 1029 400 1084 nasci
430 1039 490 1084 ut
518 1049 725 1102 posses,
757 1032 1000 1100 quamvis
1031 1032 1267 1087 cecidere
1298 1035 1535 1099 trecenti,

203 1118 310 1155 non
342 1119 523 1155 omnes
552 1101 750 1155 Fabios
783 1102 1000 1156 abstulit
1028 1122 1136 1157 una
1165 1103 1300 1158 dies:

133 1172 375 1236 forsitan,
407 1173 538 1227 haec
569 1191 601 1226 a
630 1190 736 1242 quo
765 1173 1002 1227 mittatur
1032 1174 1280 1245 epistula,
1313 1193 1555 1244 quaeras,
1901 1194 1931 1234 5

127 1278 136 1291 .
204 1243 322 1313 quis
361 1262 427 1298 ue
457 1244 645 1312 loquar
673 1253 873 1307 tecum,
905 1244 1093 1298 certior
1122 1264 1237 1299 esse
1267 1247 1413 1299 velis.

18 1350 19 1353 =
134 1314 182 1368 ei
211 1261 361 1368 mihil
396 1314 524 1384 quid
554 1315 778 1368 faciam?
807 1333 1016 1378 vereor,
1045 1334 1114 1369 ne
1143 1316 1354 1370 nomine
1383 1318 1518 1371 lecto

204 1385 368 1438 durus
400 1394 452 1439 et
482 1404 667 1439 aversa
698 1395 872 1439 cetera
901 1395 1076 1439 mente
1107 1386 1272 1456 legas.

51 1517 54 1533 ὦ
79 1471 81 1475 ’
134 1456 344 1510 videris.
419 1456 626 1510 audebo
657 1456 752 1509 tibi
782 1475 866 1510 me
898 1456 1168 1539 scripsisse
1199 1457 1369 1522 fateri,

204 1526 411 1581 audebo
443 1535 495 1581 et
524 1527 748 1598 propriis
778 1527 1099 1597 ingemmsse
1128 1528 1296 1581 malis.
1876 1549 1931 1588 10

54 1595 55 1598 ¹
133 1598 249 1669 qui‘,
279 1615 401 1651 cum
431 1616 515 1651 me
545 1614 716 1668 poena
746 1596 966 1680 dignum
997 1598 1239 1680 graviore
1269 1598 1434 1654 fuisse

203 1668 473 1732 confitear,
503 1686 719 1740 possum
749 1686 838 1721 v1x
868 1687 1114 1739 graviora
1143 1669 1267 1740 pati.

131 1739 371 1797 hostibus
398 1739 454 1793 in
483 1739 669 1794 mediis
699 1739 938 1808 interque
969 1740 1204 1810 pericula
1232 1759 1429 1805 versor,

138 1834 144 1839 ·
201 1819 471 1880 tamquam
503 1828 622 1864 cum
654 1810 826 1882 patria
854 1830 958 1881 pax
990 1811 1056 1865 sit
1086 1812 1334 1882 adempta
1362 1812 1518 1866 mihiz

132 1881 246 1952 qui,
276 1881 459 1935 mortis
489 1899 648 1936 saevo
678 1882 949 1964 geminent
978 1891 1038 1935 ut
1067 1883 1285 1937 vulnere
1316 1902 1521 1947 causas,
1875 1904 1928 1943 15

201 1952 378 2006 omnia
407 1951 619 2023 vipereo
651 1954 854 2023 spicula
882 1953 1004 2007 felle
1035 1953 1222 2007 linunt.

130 2023 210 2078 his
242 2041 402 2093 eques
431 2023 716 2077 instructus
747 2025 1022 2094 perterrita
1050 2025 1259 2079 moenia
1287 2025 1475 2079 lustrat

199 2113 345 2148 more
375 2094 487 2165 lupi
517 2095 722 2148 clausas
754 2095 1122 2149 circumeuntis
1154 2114 1296 2151 oves.

132 2175 185 2220 at
213 2166 373 2220 semel
403 2165 635 2219 intentus
665 2184 827 2219 nervo
856 2166 987 2219 levis
1018 2185 1170 2220 arcus
1202 2166 1396 2236 equino

199 2236 411 2290 vincula
440 2255 648 2307 semper
677 2236 876 2290 habens
907 2237 1193 2291 inresoluta
1221 2247 1416 2292 manet.
1871 2258 1928 2298 20

130 2316 268 2362 tecta
295 2307 469 2379 rigent
496 2307 614 2360 fixis
644 2308 807 2362 veluti
837 2308 1011 2362 velata
1042 2309 1263 2379 sagittis,

239 2387 456 2462 ortaque
486 2378 575 2432 vix
605 2378 756 2432 firma
788 2389 1084 2433 summovet
1113 2398 1260 2433 arma
1290 2399 1421 2434 sera.

55 2506 104 2525 XV
131 2449 196 2502 ad
236 2468 264 2504 e
293 2450 395 2504 loci
424 2449 613 2503 faciem
645 2469 743 2504 nec
773 2449 960 2504 fronde
990 2468 1089 2504 nec
1120 2450 1307 2504 arbore
1336 2452 1477 2515 tecti,

201 2529 253 2574 et
282 2520 424 2590 quod
453 2520 592 2575 iners
623 2521 782 2574 hiemi
814 2521 1150 2575 continuatur
1178 2521 1364 2576 hiems.

129 2590 214 2646 hic
243 2610 327 2646 me
357 2601 681 2662 pugnantem
714 2610 835 2645 cum
866 2593 1062 2663 frigore
1093 2611 1321 2662 cumque
1353 2594 1556 2664 sagittis
1869 2613 1923 2651 25

200 2680 426 2731 cumque
453 2681 573 2716 meo
603 2663 713 2716 fato
743 2674 931 2732 quarta
960 2664 1150 2734 fatigat
1179 2665 1364 2718 hiems.

129 2733 232 2787 fine
263 2742 442 2787 carent
469 2733 741 2795 lacrimae,
770 2734 872 2787 nisi
902 2752 1023 2788 cum
1055 2746 1238 2804 stupor
1267 2735 1469 2789 obstitit
1498 2735 1626 2789 iuis:

200 2812 252 2858 et
281 2803 464 2857 similis
492 2804 649 2857 morti
678 2813 894 2874 pectora
922 2814 1102 2875 torpor
1130 2805 1307 2859 habet.

128 2874 335 2928 felicem
365 2874 599 2936 Nioben,
629 2876 871 2944 quamvis
900 2884 977 2928 tot
1005 2875 1194 2930 funera
1223 2877 1371 2939 vidit,

200 2963 337 3015 quae
366 2945 542 3016 posuit
572 2964 807 3008 sensum,
839 2964 998 2999 saxea
1026 2946 1169 2999 facta
1198 2947 1375 2999 malis!
1866 2967 1925 3006 30

129 3034 222 3069 vos
253 3034 465 3086 quoque
495 3015 700 3079 felices,
731 3034 954 3085 quarum
986 3017 1267 3070 clamantia
1296 3018 1513 3072 fratrem

200 3087 390 3141 cortice
420 3087 614 3140 velavit
642 3087 870 3157 populus
901 3106 994 3140 ora
1022 3105 1178 3140 novo.

129 3156 215 3211 ille
245 3176 345 3229 ego
376 3177 516 3221 sum,
546 3158 751 3229 lignum
782 3158 872 3228 qui
901 3177 1007 3211 non
1038 3158 1284 3211 admittar
1312 3159 1368 3211 in
1397 3160 1588 3212 ullum:

199 3227 285 3282 ille
315 3247 415 3300 ego
445 3248 587 3292 sum,
618 3229 814 3283 frustra
843 3229 934 3298 qui
962 3229 1097 3300 lapis
1128 3248 1242 3282 esse
1272 3230 1446 3283 velim.

130 3297 245 3369 ipsa
272 3300 502 3354 Medusa
531 3301 696 3354 oculis
727 3300 904 3354 veniat
932 3300 1054 3353 licet
1083 3300 1242 3353 obvia
1270 3302 1476 3365 nostriS,
1863 3320 1919 3359 35

202 3370 403 3424 amittet
431 3370 568 3426 vires
597 3372 713 3442 ipsa
740 3371 973 3425 Medusa
1002 3391 1141 3424 suas.

130 3440 380 3506 vivimus,
411 3451 472 3494 ut
499 3461 791 3512 numquam
820 3462 977 3497 sensu
1008 3461 1279 3496 careamus
1309 3461 1507 3507 amam,

201 3520 254 3564 et
281 3511 493 3581 gravior
521 3513 680 3583 longa
708 3514 767 3566 fit
795 3532 915 3567 mea
942 3532 1113 3584 poena
1141 3532 1304 3566 mora.
