2158 3906
488 359 803 407 TRIS'PIUM
830 359 952 404 LIB.
983 359 1022 404 Ι.
1053 359 1140 417 ΙΧ,
1174 359 1373 416 55-X1‚
1404 360 1473 405 22.
1736 351 1836 403 133

134 479 372 534 quaeque
403 469 583 515 tenent
611 461 772 514 Ponti
801 461 1064 531 Byzantia
1092 460 1247 514 litora
1277 461 1482 515 fauces:

203 533 288 587 hic
317 532 464 586 locus
495 542 574 586 est
602 533 800 602 gemini
830 533 989 586 ianua
1018 540 1168 585 vasta
1197 531 1373 585 maris.

132 603 287 667 haec,
317 621 525 674 precor,
564 604 794 667 evincat,
825 603 1181 674 propulsaque
1210 602 1435 656 fortibus
1466 604 1657 658 austris

203 683 433 728 transeat
462 674 732 727 instabiles
764 683 978 727 strenua
1009 671 1256 744 Cyaneas

132 744 538 815 Thyniacosque
570 744 714 798 sinus
747 754 799 799 et
829 745 897 798 ab
927 745 1008 798 his
1039 764 1133 815 per
1162 744 1428 815 Apollinis
1459 746 1646 799 urbem
1867 747 1946 803 35'

203 816 309 870 alta
338 815 438 869 sub
468 815 718 868 Anchiali
748 815 956 870 moenia
985 816 1166 869 tendat
1194 816 1309 870 iter.

0 906 2 942 1
64 951 66 954 v
130 886 254 941 inde
282 885 700 940 Mesembriacos
731 896 914 957 portus
946 896 999 941 et
1030 884 1251 940 Odeson
1281 896 1334 940 et
1364 905 1512 941 arces

200 966 494 1028 praetereat
525 957 690 1025 dictas
721 958 956 1021 nomine,
987 957 1225 1020 Bacche,
1256 967 1364 1021 tu0,

131 1037 182 1084 et
211 1046 343 1097 quos
374 1028 624 1081 Alcathoi
653 1038 947 1082 memorant
977 1048 1009 1082 a
1038 1028 1313 1081 moenibus
1345 1039 1486 1082 ortos

201 1099 415 1153 sedibus
445 1099 527 1152 his
557 1099 812 1169 profugos
844 1099 1175 1152 constituisse
1206 1099 1420 1152 Larem.
1865 1119 1925 1159 40

44 1144 58 1240 Ι,
130 1189 163 1223 a
191 1169 385 1239 quibus
415 1170 661 1224 adveniat
688 1170 934 1223 Miletida
965 1188 1144 1239 sospes
1175 1169 1244 1222 ad
1274 1170 1477 1232 urbem,

200 1240 389 1294 offensi
418 1258 523 1309 quo
554 1259 638 1294 me
670 1241 855 1294 detulit
884 1241 962 1293 ira
992 1241 1092 1293 dei.

128 1310 260 1365 haec
290 1312 334 1364 si
364 1311 701 1381 contigerint,
731 1311 947 1365 meritae
979 1311 1132 1364 cadet
1162 1329 1301 1380 agna
1329 1310 1631 1366 Minervae:

198 1400 305 1435 non
335 1382 464 1436 facit
494 1382 561 1435 ad
591 1392 796 1435 nostras
827 1382 999 1434 hostia
1029 1380 1195 1433 maior
1225 1399 1369 1450 opes.

129 1470 223 1506 vos
253 1471 490 1522 quoque,
521 1452 883 1523 Tyndaridae,
916 1470 1049 1520 quos
1079 1451 1211 1504 haec
1242 1451 1365 1504 colit
1394 1451 1591 1516 insula,
1622 1452 1827 1516 fratres,
1867 1473 1922 1510 ‚15

197 1523 349 1587 mite,
378 1541 588 1594 precor,
621 1523 817 1593 duplici
846 1542 1043 1576 numen
1074 1522 1254 1575 adeste
1285 1522 1425 1575 viael

127 1594 291 1648 altera
318 1611 547 1662 namque
576 1603 729 1664 parat
760 1592 1149 1664 Symplegadas
1179 1592 1254 1646 ire
1285 1611 1380 1663 per
1411 1603 1568 1656 artas,

198 1664 434 1718 scindere
464 1663 730 1717 Bistonias
760 1665 923 1717 altera
954 1664 1146 1735 puppis
1177 1681 1359 1732 aquas.

127 1753 223 1790 vos
253 1735 434 1798 facite,
466 1743 525 1788 ut
554 1744 763 1798 ventos,
794 1735 911 1788 loca
942 1754 1062 1788 cum
1094 1735 1303 1788 diversa
1331 1746 1591 1806 petamus,

196 1805 287 1861 illa
317 1824 440 1859 suos
470 1805 688 1870 habeat,
721 1824 820 1860 nec
849 1806 1023 1860 minus
1053 1806 1144 1860 illa
1173 1824 1313 1859 suos.
1866 1829 1925 1868 50

927 1918 1035 1972 XI.

125 2017 333 2072 Littera
362 2035 728 2087 quaecumque
759 2026 837 2072 est
866 2027 976 2072 toto
1007 2018 1103 2071 tibi
1131 2019 1268 2073 lecta
1295 2019 1490 2082 libello,

198 2098 278 2143 est
306 2089 436 2141 mihi
465 2088 718 2142 sollicitae
748 2098 984 2159 tempore
1014 2089 1156 2142 facta
1185 2089 1318 2142 viae.

127 2169 220 2214 aut
246 2159 384 2213 hanc
413 2178 522 2222 me,
553 2159 730 2230 gelido
760 2168 1038 2213 tremerem
1069 2178 1191 2212 cum
1220 2179 1400 2214 mense
1431 2160 1736 2226 Decembri,

198 2230 513 2285 scribentem
542 2230 730 2291 mediis
759 2230 967 2283 Hadria
997 2230 1127 2283 vidit
1157 2231 1332 2299 aquis:
1474 2247 1479 2252 ·

126 2310 240 2365 aut,
271 2310 552 2371 postquam
581 2301 837 2354 bimarem
868 2320 1026 2354 cursu
1057 2302 1424 2371 superavimus
1456 2302 1697 2357 Isthmon
1726 2347 1731 2351 .
1863 2323 1893 2361 5

199 2372 467 2440 alteraque
497 2380 576 2425 est
604 2380 815 2425 nostrae
845 2381 1057 2442 sumpta
1087 2373 1265 2424 carina
1294 2373 1473 2442 fugae,

125 2443 269 2513 quod
298 2443 529 2496 facerem
559 2461 742 2496 versus
771 2442 909 2496 inter
938 2443 1053 2496 fera
1081 2462 1354 2496 murmura
1384 2445 1548 2514 ponti,

199 2510 461 2583 Cycladas
491 2513 741 2584 Aegaeas
772 2513 1088 2584 obstipuisse
1119 2523 1264 2583 puto.

51 2636 53 2640 .
125 2584 237 2655 ipse
267 2603 367 2654 ego
396 2603 538 2638 nunc
569 2603 750 2648 miror,
781 2593 939 2637 tanus
970 2585 1236 2653 animique
1266 2586 1532 2655 marisque

196 2655 441 2708 fluctibus
471 2655 742 2738 ingenium
772 2674 879 2708 non
909 2656 1161 2709 cecidisse
1192 2675 1385 2709 meum.
1865 2677 1921 2715 10

127 2744 220 2779 seu
251 2735 432 2795 stupor
460 2725 584 2779 huic
614 2726 789 2778 studio
820 2727 929 2779 sive
961 2736 1039 2779 est
1068 2727 1273 2779 insania
1300 2746 1519 2781 nomen:

197 2797 365 2849 omnis
396 2796 464 2849 ab
493 2795 594 2849 hac
625 2815 752 2850 cura
779 2815 929 2849 mens
960 2798 1192 2850 relevata
1220 2817 1340 2851 mea
1370 2811 1464 2851 est.

128 2885 282 2938 saepe
313 2885 414 2937 ego
443 2867 697 2919 nimbosis
729 2867 922 2919 dubius
952 2867 1186 2920 iactabar
1216 2869 1283 2920 ab
1315 2869 1535 2931 Haedis,

197 2956 353 3007 saepe
383 2937 563 2990 minax
595 2936 845 3007 Steropes
877 2938 1045 2990 sidere
1075 2947 1268 3007 pontus
1301 2949 1429 3001 erat,

125 3007 473 3076 fuscabatque
505 3008 645 3061 diem
676 3017 852 3060 custos
883 3007 1296 3077 Erymanthidos
1327 3008 1518 3072 Ursae,
1863 3030 1918 3068 15

196 3089 287 3132 aut
314 3078 539 3149 Hyadas
570 3079 697 3132 seris
726 3078 973 3132 hauserat
1004 3089 1179 3131 auster
1209 3079 1383 3147 aquis3

74 3212 87 3224 ἥ
128 3167 284 3220 saepe
311 3168 471 3202 mar1s
502 3169 625 3219 pars
655 3150 797 3202 intus
829 3159 962 3202 erat:
995 3160 1172 3203 tamen
1201 3150 1314 3219 ipse
1345 3152 1588 3205 trementi

73 3231 96 3289 ζ’,

198 3220 429 3273 carmina
458 3220 717 3274 ducebam
747 3221 1152 3289 qualiacumque
1183 3240 1359 3273 manu.

126 3309 266 3344 nunc
294 3307 505 3360 quoque
536 3292 768 3345 contenti
798 3291 1022 3344 stridunt
1054 3292 1297 3360 aquilone
1328 3292 1594 3356 rudenteS,

196 3361 354 3430 inque
384 3362 601 3415 modum
630 3362 819 3415 tumuli
848 3380 1080 3415 concava
1109 3363 1278 3431 surgit
1307 3381 1461 3432 aqua.
1861 3384 1915 3423 ρο

126 3430 240 3501 ipse
267 3432 590 3502 gubernator
618 3434 804 3486 tollens
836 3434 903 3485 ad
934 3433 1105 3486 sidera
1134 3434 1335 3503 palmas

198 3503 434 3573 exposcit
462 3504 621 3566 votiS,
651 3505 906 3556 inmemor
936 3504 1082 3567 artis,
1115 3523 1285 3574 opem.
