2158 3906
251 318 273 333 d

517 364 605 408 EX
633 363 852 411 PONTO
882 362 1004 409 LIB.
1036 362 1124 408 111.
1154 362 1240 421 IV,
1271 364 1426 409 3—90.

114 466 206 530 vix
236 466 375 520 bona
443 474 525 518 ost
554 474 699 518 tanto
731 465 1003 535 quaerenti
1033 465 1196 519 verba
1224 465 1488 530 subibant,

108 595 116 604 ‚
189 546 240 591 et
268 555 374 608 gau
415 554 502 590 ere
533 535 731 605 aliquid
761 555 844 589 res
874 536 1004 589 mihi
1033 536 1147 589 visa
1176 554 1314 590 nova
1343 546 1438 590 est.

115 617 280 678 utque
310 606 652 662 reformidant
682 607 948 660 insuetum
978 606 1179 660 lumina
1209 607 1391 671 solem,

189 678 263 733 sic
293 677 360 732 ad
390 677 644 731 laetitiam
673 695 821 730 mens
852 696 970 731 mea
1001 678 1177 748 segnis
1209 688 1335 732 erat.
1366 709 1438 717 —

76 765 81 773 ·
116 759 195 805 est
226 765 436 819 quoque
467 757 775 802 cunctarum
805 748 1011 801 novitas
1043 750 1312 803 carissima
1340 769 1532 813 rerum,

187 819 462 892 gratiaque
493 819 667 872 officio
677 858 692 883 ,
723 818 865 888 quod
894 837 1042 872 mora
1071 819 1265 883 tardat,
1296 820 1460 875 abest.

76 894 78 898 '
116 902 292 948 cetera
321 890 558 945 certatim
589 890 654 944 de
684 908 878 960 magno
911 891 1104 961 scripta
1135 891 1398 962 triumpho

76 970 78 975 '
185 962 291 1016 iam
320 961 524 1045 pridem
555 960 737 1033 populi
767 961 1005 1032 suspicor
1035 979 1123 1015 ore
1154 962 1276 1032 legi.

113 1033 205 1088 illa
235 1032 367 1086 bib1t
396 1032 576 1087 sitiens
606 1032 793 1095 lector,
826 1051 945 1086 mea
973 1033 1163 1103 pocula
1192 1033 1396 1103 plenus.

147 1123 151 1127 ·
185 1103 275 1158 illa
303 1121 486 1158 recens
516 1112 641 1174 pota
672 1114 773 1166 est,
803 1111 982 1156 nostra
1011 1104 1209 1174 tepebit
1241 1122 1395 1173 aqua.

113 1193 220 1230 non
252 1192 352 1246 ego
384 1175 608 1238 cessavi,
639 1192 737 1228 nec
768 1173 894 1228 fecit
923 1174 1110 1228 inertia
1141 1193 1338 1227 serum:

117 1298 121 1303 .
185 1245 370 1299 ultima
400 1264 484 1300 me
515 1246 649 1299 vasti
680 1245 902 1299 sustinet
932 1263 1023 1298 ora
1051 1245 1188 1299 freti.

114 1316 242 1371 dum
272 1316 415 1371 venit
446 1316 550 1370 huc
580 1334 780 1380 rumor,
813 1325 1197 1387 properataque
1228 1317 1460 1369 carmina
1491 1317 1625 1371 fiunt

186 1387 432 1471 factaque
464 1396 589 1442 eunt
619 1388 687 1440 ad
718 1405 834 1450 vos,
868 1406 1036 1440 annus
1067 1386 1240 1440 abisse
1270 1397 1459 1470 potest.

12 1463 14 1472 ‘
82 1486 88 1511 f
113 1477 212 1513 nec
241 1458 517 1512 mimmum
547 1458 730 1521 refert,
761 1457 957 1511 intacta
985 1458 1183 1510 rosaria
1213 1476 1430 1527 primus,

187 1550 254 1584 an
285 1548 401 1584 sera
432 1547 520 1583 car
560 1548 616 1582 as
648 1547 815 1599 paene
846 1528 1027 1581 relicta
1057 1547 1234 1581 manU.

82 1655 83 1658 ,
113 1600 242 1672 quid
271 1599 486 1664 mirum,
537 1599 665 1654 cetis
697 1599 952 1653 exhausto
982 1598 1199 1652 floribus
1229 1599 1398 1663 hor-tc,

14 1730 17 1738 ,
84 1735 86 1738 y
185 1671 227 1725 si
259 1671 393 1725 duce
423 1688 528 1725 non
557 1670 699 1724 facta
729 1679 808 1723 est
838 1669 1001 1740 digna
1030 1687 1224 1723 corona
1254 1671 1382 1723 suo?

14 1743 17 1767 ''
86 1786 87 1790 ,
114 1742 392 1814 deprecor,
423 1741 553 1796 haec
583 1750 764 1795 vatum
797 1751 980 1795 contra
1010 1759 1106 1794 sua
1136 1742 1370 1795 carmina
1400 1761 1466 1796 ne
1497 1743 1615 1812 quis

83 1867 85 1869 .
185 1813 326 1868 dicta
354 1822 525 1885 putet:
556 1831 653 1884 pro
684 1831 739 1866 se
769 1811 931 1865 Musa
959 1812 1138 1866 locuta
1166 1831 1285 1866 mea
1318 1824 1412 1867 est.

112 1893 236 1939 sunt
266 1883 394 1938 mihi
425 1883 698 1938 vobiscum
727 1883 1028 1936 communia
1058 1901 1229 1946 saera,
1260 1895 1467 1954 poetae,

184 1956 239 2009 in
270 1963 445 2009 vestro
475 1954 678 2008 miseris
708 1954 752 2007 si
781 1954 903 2008 licet
933 1972 1045 2007 esse
1077 1953 1254 2008 choro.

111 2044 414 2098 magnaque
443 2044 566 2097 pars
598 2024 804 2078 animae
835 2043 1043 2079 mecum
1074 2025 1302 2089 vixistis,
1333 2026 1511 2079 amici:

101 2147 106 2152 .
184 2097 284 2151 hac
316 2115 415 2168 ego
446 2114 541 2150 vos
573 2096 762 2150 absens
793 2113 934 2150 nunc
964 2114 1175 2165 quoque
1206 2107 1355 2167 parte
1386 2098 1517 2151 colo.

113 2168 218 2223 sint
245 2167 406 2239 igitur
436 2177 610 2222 vestro
639 2186 759 2220 mea
789 2167 1157 2220 commendata
1186 2168 1368 2221 favore

185 2238 442 2302 carmina,
471 2256 578 2292 non
608 2256 823 2309 possum
853 2256 949 2308 pro
981 2238 1173 2307 quibus
1204 2237 1316 2308 ipse
1345 2239 1506 2308 loqui.

87 2310 306 2381 escripta
336 2309 547 2381 placent
576 2328 608 2363 a
636 2318 803 2362 morte
833 2309 968 2371 fere,
999 2308 1125 2378 quia
1153 2309 1362 2363 laedere
1393 2310 1543 2363 vivos

146 2413 150 2418 ·
183 2381 316 2435 livor
345 2389 396 2435 et
426 2380 619 2434 iniusto
651 2398 865 2451 carpere
896 2379 1050 2433 dente
1081 2380 1228 2434 solet.

103 2453 157 2509 si
185 2470 355 2524 genus
386 2461 465 2506 est
494 2451 676 2505 mortis
705 2451 843 2504 male
874 2451 1075 2505 vivere:
1108 2462 1246 2504 terra
1275 2461 1510 2504 moratur

90 2529 94 2535 '
184 2534 236 2578 et
267 2523 458 2577 desunt
486 2521 609 2576 fatis
639 2522 750 2575 sola
778 2522 1020 2592 sepulcra
1051 2522 1198 2576 meis.

113 2594 339 2663 denique
369 2611 503 2664 opus
533 2611 689 2648 curae
719 2593 961 2663 culpetur
989 2602 1048 2646 ut
1076 2593 1313 2663 undique
1342 2603 1571 2655 nostrae,

184 2664 418 2719 officium
447 2682 604 2719 nemo
635 2664 727 2734 qui
755 2663 1104 2735 reprehendat
1135 2665 1247 2718 erit.

112 2744 169 2790 ut
201 2735 372 2790 desint
401 2735 564 2799 vireS,
594 2743 772 2788 tamen
801 2743 881 2789 est
908 2735 1176 2788 laudanda
1205 2736 1474 2789 voluntas:

94 2818 98 2819 ’
183 2807 282 2861 hac
313 2824 414 2876 ego
446 2813 719 2860 contentos
750 2823 982 2875 auguror
1012 2824 1127 2858 esse
1158 2806 1301 2859 deos·

112 2877 244 2941 haec
271 2877 422 2940 facit,
453 2886 513 2930 ut
541 2876 718 2930 veniat
746 2894 948 2946 pauper
977 2893 1187 2945 quoque
1217 2886 1400 2946 gratus
1430 2876 1499 2929 ad
1529 2895 1662 2940 araS,

184 2957 235 3002 et
263 2949 472 3020 placeat
501 2965 653 3002 caeso
681 2964 789 3000 non
817 2947 991 2999 minus
1022 2964 1161 3016 agna
1191 2946 1344 3000 bove.
1375 2976 1447 2984 —

89 3037 196 3074 -res
229 3036 441 3088 quoque
471 3026 617 3072 tanta
646 3017 768 3080 fuit,
800 3026 1027 3087 quantae
1058 3017 1342 3079 subsistere
1373 3035 1579 3070 summo

183 3089 454 3144 Aeneidos
483 3088 592 3143 vati
621 3088 823 3160 grande
852 3087 1039 3141 fuisset
1068 3106 1218 3141 onus.

102 3160 250 3216 'ferre
280 3160 438 3215 etiam
467 3160 652 3214 molles
683 3159 820 3230 elegi
849 3168 958 3213 tam
987 3167 1137 3212 vasta
1165 3158 1419 3229 triumphi

183 3231 420 3303 pondera
449 3231 745 3303 disparibus
773 3248 881 3283 non
909 3239 1127 3301 potuere
1157 3230 1300 3283 rotis.

29 3318 33 3322 ’
100 3305 219 3374 'quo
247 3302 384 3374 pede
413 3321 554 3356 nunc
583 3311 723 3367 utar,
756 3301 918 3355 dubia
947 3310 1027 3355 est
1056 3301 1316 3355 sententia
1345 3301 1519 3356 nobis:

104 3404 106 3407 v
185 3373 315 3428 alter
343 3373 484 3428 enim
514 3373 581 3428 de
610 3383 686 3437 te,
717 3373 928 3436 Rhene,
959 3372 1255 3443 triumphus
1287 3372 1449 3443 adest.

46 3463 48 3467 ’
109 3440 270 3517 ¹inrita
299 3453 562 3505 mot-orum
590 3463 698 3498 non
727 3453 849 3498 sunt
877 3444 1155 3515 praesagia
1183 3453 1389 3496 vatum:

182 3514 360 3571 danda
389 3514 505 3568 Iovi
529 3515 712 3569 laurus
722 3555 737 3580 ,
767 3515 894 3568 dum
920 3514 1067 3586 prior
1094 3515 1185 3568 illa
1213 3515 1362 3568 viret.

1723 354 1824 407 5261
1861 415 1869 420 ,

1856 699 1917 738 50

1853 1051 1913 1091 55

1857 1406 1914 1445 60

1858 1761 1913 1800 05

1856 2116 1913 2154 70

1857 2470 1910 2508 75

1850 2824 1907 2863 80

1852 3178 1907 3216 85

1853 3532 1907 3571 90
