2158 3906
493 307 843 354 FASTORUM
871 307 993 352 LIB.
1026 306 1087 352 11.
1121 305 1360 354 167—252.

149 409 404 466 invadunt
433 427 642 480 sparsos
672 409 779 462 lata
810 427 905 479 per
934 427 1061 462 arva
1090 427 1297 478 greges.

22 503 23 506 ’
78 481 364 553 diffugiunt
393 479 569 533 hostes
599 479 982 548 inhonestaque
1013 479 1228 532 volnera
1258 488 1408 548 tergo

151 552 437 623 accipiunt:
468 550 646 603 Tusco
677 549 934 620 sanguine
966 546 1112 602 terra'
1135 549 1304 602 rubet.

77 623 156 679 sic
183 623 396 685 iterum,
427 621 504 681 sic
535 639 692 690 saepe
723 621 934 674 cadunt.
1009 620 1101 672 ubi
1131 620 1340 673 vincere
1371 629 1551 691 aperte

21 698 23 704 '
149 711 256 747 non
285 692 462 755 datur,
492 691 708 747 insidias
739 708 990 759 armaque
1020 700 1158 744 tecta
1188 701 1390 761 parant.

21 759 23 769 '
77 782 296 888 camlpus
327 771 462 817 erat:
494 762 667 833 campi
696 762 1013 815 claudebant
1042 762 1227 814 ultima
1258 762 1415 815 colles

151 835 191 888 ε’
215 852 386 904 vaque
415 842 692 886 montanas
724 833 963 886 occulere
995 842 1118 902 apta
1147 832 1302 887 feras.

78 905 135 960 in
162 904 335 959 medio
365 922 563 975 paucos
594 913 936 972 armentaque
966 922 1085 956 rara
1113 903 1431 972 relinquunt,

151 985 325 1030 cetera
353 974 595 1046 virgultis
627 975 806 1028 abdita
836 974 992 1027 turba
1021 974 1163 1027 latet.

76 1065 203 1103 ecce
233 1046 378 1100 velut
406 1054 608 1099 torrens
638 1045 793 1098 undis
822 1045 1141 1115 pluvialibus
1173 1053 1359 1097 auctus

151 1126 244 1171 aut
270 1117 417 1180 nive,
448 1134 585 1185 quae
615 1116 846 1186 zephyro
877 1115 1017 1169 victa
1045 1124 1256 1184 tepente
1285 1114 1419 1176 fluit,

19 1243 21 1249 ,
79 1203 175 1261 per
205 1196 318 1241 sata
346 1205 545 1258 perque
575 1186 687 1240 vias
718 1187 908 1249 fertur,
939 1204 1061 1248 nec,
1092 1195 1151 1237 ut
1181 1194 1302 1237 ante
1333 1185 1552 1247 solebat,

150 1258 194 1311 ri
235 1277 385 1311 arum
415 1258 620 1311 clausas
650 1257 887 1326 margine
917 1256 1032 1308 finit
1062 1272 1251 1323 aquas:

80 1329 155 1385 sic
232 1327 338 1383 abii
367 1327 560 1381 vallem
589 1327 708 1380 latis
740 1326 1061 1379 discursibus
1092 1325 1328 1394 implent,

149 1398 398 1481 quodque
426 1397 631 1460 vident,
662 1406 922 1450 sternunt:
954 1414 1052 1449 nec
1082 1406 1252 1448 metus
1283 1395 1415 1447 alter
1445 1396 1595 1448 inest.

75 1468 185 1540 {juo
213 1468 387 1532 ruitis,
415 1485 674 1538 generosa
703 1467 921 1520 domus?
951 1467 1088 1519 male
1119 1465 1330 1519 creditis
1363 1465 1522 1518 hosti!

152 1539 373 1611 simplex
401 1538 670 1601 nobilitas,
701 1538 903 1608 perfida
933 1538 1038 1590 tela
1068 1536 1222 1590 cave!

79 1610 265 1666 fraude
333 1609 430 1664 erit
459 1609 640 1662 virtus.
713 1609 769 1661 in
800 1617 1007 1679 apertos
1038 1607 1272 1675 undique
1303 1626 1518 1679 campos

150 1681 288 1766 pros'
310 1681 426 1734 iunt
453 1679 630 1734 hostes
661 1687 713 1734 et
742 1680 878 1733 latus
910 1697 1065 1732 omne
1096 1687 1292 1732 tenent.

24 1800 25 1819 2
74 1752 208 1824 'quid
235 1751 433 1806 faciant
460 1751 618 1822 pauci
647 1760 828 1804 contra
858 1759 934 1804 tot
963 1750 1109 1802 milia
1137 1749 1335 1802 fortes?

23 1837 26 1854 ·
149 1822 366 1893 quidve,
397 1822 541 1892 quod
569 1821 625 1875 in
654 1821 845 1875 misero
876 1830 980 1875 tem
1022 1838 1111 1873 ore
1141 1829 1325 1883 restet,
1356 1819 1537 1875 adest?

24 1918 26 1937 ’κ
67 1894 213 1949 'sicut
243 1912 369 1978 aper
397 1894 555 1964 longe
585 1893 745 1946 fulvis
775 1892 985 1946 latranti
1027 1911 1087 1944 us
1120 1901 1269 1944 actus

150 1964 404 2019 fulmineo
434 1965 630 2018 celeres
661 1963 881 2034 dissipat
910 1981 997 2016 ore
1028 1981 1203 2026 canes,

24 2058 25 2063 ¹
77 2053 203 2091 mox
231 2045 410 2090 tamen
436 2035 551 2106 ipse
580 2034 738 2105 perit:
775 2035 850 2087 sic
879 2052 986 2087 non
1015 2034 1310 2086 moriuntur
1339 2032 1493 2085 inulti

149 2107 470 2175 volneraque
501 2106 702 2159 alterna
732 2105 963 2174 dantque
993 2104 1275 2172 feruntque
1306 2122 1484 2156 manu.

20 2194 26 2216 ἰ
77 2195 186 2232 una
215 2177 327 2231 dies
356 2176 554 2231 Fabios
585 2176 654 2230 ad
684 2176 882 2230 bellum
912 2175 1126 2228 miserat
1155 2193 1362 2227 omnes:

21 2268 25 2275 ⁴
151 2248 218 2301 ad
247 2248 446 2302 bellum
474 2247 661 2300 missos
692 2246 919 2317 perdidit
947 2265 1056 2300 una
1086 2246 1213 2298 dies.

20 2312 26 2403 ξ
78 2327 139 2374 ut
167 2328 343 2373 tamen
371 2319 670 2373 Herculeae
701 2327 1036 2388 superessent
1065 2315 1486 2386 semina‘gentiS,

151 2389 397 2444 credibile
428 2398 506 2443 est
535 2389 678 2459 ipsos
709 2388 1034 2442 consuluisse
1066 2388 1209 2440 deos.

20 2471 23 2528 J
63 2479 203 2517 mam
232 2479 364 2531 puer
390 2460 634 2530 impubes
665 2468 718 2513 et
747 2458 920 2513 adhuc
949 2477 1057 2511 non
1086 2458 1228 2511 utilis
1261 2456 1419 2510 armis

152 2550 287 2584 unus
318 2531 384 2585 de
413 2530 585 2584 Fabia
612 2539 771 2601 gente
800 2530 1012 2583 relictus
1043 2539 1178 2587 erat:

20 2633 22 2650 ·
80 2602 276 2656 scilicet
307 2611 366 2655 ut
393 2619 576 2672 posses
606 2602 731 2654 olim
760 2610 841 2663 tu,
872 2601 1135 2662 Maxime,
1166 2598 1330 2662 nasci,

153 2673 237 2726 cui
265 2691 347 2726 res
378 2672 674 2726 cunctando
703 2672 1028 2726 restituenda
1056 2671 1207 2724 foret.

20 2798 23 2818 ³
81 2811 402 2868 Continuata
429 2814 546 2868 loco
575 2813 674 2866 tria
705 2813 900 2876 sidera,
933 2811 1142 2866 Corvus
1173 2821 1226 2865 et.
1257 2811 1486 2881 Anguis,

153 2894 206 2938 et
234 2884 439 2938 medius
471 2881 660 2937 Crater
687 2884 824 2936 inter
852 2893 1134 2951 utrumque
1164 2883 1310 2953 nitet..

82 2954 268 3010 Idibus
297 2955 388 3008 illa
415 2955 603 3015 latent,
635 2954 873 3014 oriuntur
901 2963 1054 3006 nocte
1086 2952 1343 3021 sequenti.

20 3058 22 3076 ι
96 3088 100 3090 ἡ
153 3043 290 3095 quae
320 3025 420 3079 sibi
450 3044 543 3078 cur
570 3025 670 3078 tria
699 3025 802 3077 sint
832 3025 1152 3086 consociata,
1183 3042 1386 3075 canam.

20 3086 22 3143 ἶ
81 3094 217 3150 forte
246 3097 362 3150 Iovi
390 3095 643 3149 Phoebus
674 3095 869 3148 festum
900 3096 1150 3148 sollemne
1180 3094 1404 3163 parabat
1431 3121 1507 3132 —·

154 3185 260 3221 non
288 3167 447 3221 faciet
475 3167 661 3236 longas
691 3166 873 3219 fabula
902 3175 1080 3218 nostra
1109 3183 1282 3217 moras
1312 3184 1406 3216 —-:

20 3253 21 3277 1
84 3235 152 3301 ‘i,
182 3238 320 3292 mea'
352 3238 483 3290 dixit
513 3238 671 3299 6εινίε,
702 3256 769 3290 ne
799 3237 926 3306 quid
956 3238 1044 3306 pia
1074 3254 1222 3288 sacra
1251 3245 1501 3297 moretur,

75 3311 77 3313 ’
158 3317 210 3361 et
237 3317 450 3363 tenuem
479 3309 613 3361 vivis
643 3308 878 3361 fontibus
909 3307 1059 3360 adfer
1088 3306 1314 3375 aquam.'

85 3394 275 3432 corvus
303 3379 602 3432 inauratum
631 3379 856 3449 pedibus
887 3389 1089 3432 cratera
1116 3376 1351 3430 recurvis

159 3449 292 3502 tollit
322 3459 375 3503 et
405 3450 604 3504 ae‘rium
633 3451 871 3520 pervolat
901 3450 1038 3502 altus
1069 3449 1182 3501 iter.

1723 293 1791 346 23

1823 422 1907 461 210

1823 777 1907 815 215

1821 1130 1906 1170 220

1815 1484 1902 1523 225

1822 1838 1907 1878 230

1818 2191 1902 2231 235

1821 2544 1905 2584 240

1697 2807 1773 2853 14.
1806 2810 1915 2852 ΕΝ

1823 2968 1906 3007 245

1826 3323 1912 3361 250
