2158 3906
495 338 584 384 EX
612 338 830 387 PONTO
858 338 981 385 LIB.
1011 339 1051 385 1.
1081 338 1171 397 ΠΙ,
1201 338 1398 396 63-1V‚
1429 338 1500 383 54.

29 462 66 516 .3-·jv
149 439 318 498 cernis
347 448 407 495 ut
435 439 491 496 in
522 441 667 495 duris
695 471 767 481 —
797 450 850 496 et
879 440 1007 511 quid
1037 441 1173 495 bove
1202 440 1436 494 firmius?
1463 468 1536 479 —
1565 438 1704 493 arvis

28 564 35 575 Α,
61 519 64 523 ’
218 511 376 566 fortia
405 521 677 566 taurorum
708 530 929 584 corpora
957 511 1171 583 frangat
1201 530 1352 583 opus.

43 636 54 657 ἱ,
149 600 287 655 quae
316 600 607 652 numquam
638 601 808 637 vacuo
840 582 991 636 solita
1022 594 1101 637 est
1130 601 1334 637 cessare
1363 581 1559 646 novali,

219 653 479 708 fructibus
509 653 734 707 assiduis
764 655 905 707 lassa
935 654 1161 708 senescit
1189 653 1399 707 humus.

44 734 63 762 '·
150 723 376 789 occidet,
407 723 476 778 ad
506 724 630 778 circi
662 723 706 777 si
735 723 853 793 quis
886 724 1174 778 certamina
1204 743 1412 795 semper

219 813 327 850 non
355 794 665 849 intermissis
697 794 938 849 cursibus
969 795 1066 848 ibit
1096 813 1281 865 equus.

148 866 300 922 firma
329 865 397 920 sit
425 866 515 920 illa
542 866 689 930 licet,
720 865 953 920 solvetur
981 866 1035 920 in
1066 884 1294 936 aequore
1323 866 1490 930 navis,

131 955 133 958 ⁴
220 955 358 1007 quae
387 956 513 991 num
554 956 678 990 uam
707 936 920 1007 liquidis
950 936 1090 992 sicca
1120 937 1319 991 carebit
1349 938 1517 1007 aquis.

148 1027 234 1064 me
264 1026 476 1079 quoque
545 1007 747 1063 ebilitat
776 1008 936 1063 series
965 1008 1206 1062 inmensa
1235 1008 1512 1071 malorum,

43 1142 47 1146 Α
74 1119 79 1122 -
221 1089 342 1134 ante
370 1098 550 1135 meum
579 1088 788 1151 tempus
820 1078 963 1150 cogit
993 1089 1045 1134 et
1074 1098 1189 1134 esse
1220 1098 1416 1134 senem.

28 1152 43 1181 ‘³
149 1150 256 1205 otia
285 1169 375 1205 cor
413 1170 476 1205 us
506 1150 677 1214 alunt,
709 1150 915 1204 animus
945 1168 1156 1220 quoque
1186 1150 1420 1222 pascitur
1449 1148 1577 1203 illis:

52 1271 55 1286 ,
219 1221 363 1276 inmo
402 1221 516 1277 icus
547 1230 728 1276 contra
758 1221 925 1291 carpit
953 1230 1239 1290 utrumque
1268 1221 1433 1274 labor.

12 1304 13 1354 J
42 1327 73 1350 ,··
150 1291 352 1365 aspice,
381 1293 437 1347 in
466 1292 562 1347 has
591 1292 754 1364 partis
786 1292 931 1361 quod
959 1292 1161 1346 venerit
1190 1292 1406 1345 Aesone
1437 1299 1610 1355 natus,

221 1382 382 1434 quam
410 1364 624 1418 laudem
655 1382 687 1417 a
717 1382 832 1418 sera
861 1363 1166 1434 posteritate
1196 1361 1348 1415 ferat.

34 1474 51 1495 ⁴-
74 1459 75 1467 ¹
150 1443 205 1491 at
233 1435 384 1489 labor
411 1435 550 1489 illius
581 1442 761 1488 nostro
790 1433 1060 1503 leviorque
1090 1432 1366 1501 minorque
1396 1442 1493 1495 est,

77 1511 79 1514 ⁴
222 1506 266 1560 si
296 1506 454 1560 modo
483 1523 590 1559 non
620 1523 806 1559 verum
834 1504 1049 1558 nomina
1077 1522 1274 1574 magna
1301 1512 1563 1574 premunt.

149 1576 237 1632 ille
268 1586 346 1632 est
374 1576 431 1630 in
458 1576 693 1630 Pontum
722 1574 877 1630 Pelia
905 1575 1147 1629 mittente
1176 1573 1463 1645 profectus,

50 1655 53 1665 ⁴
221 1647 315 1718 qui
342 1647 432 1702 vix
461 1646 767 1702 Thessaliae
796 1646 902 1701 fine
931 1645 1195 1700 timendus
1226 1655 1361 1700 erat:

152 1716 396 1775 Caesaris
426 1719 505 1773 ira
533 1717 663 1772 mihi
691 1717 896 1781 nocuit,
927 1735 1087 1788 quem
1117 1716 1240 1771 solis
1272 1716 1340 1770 ab
1370 1725 1490 1770 ortu

221 1789 345 1844 solis
376 1789 444 1844 ad
474 1807 695 1844 occasus
723 1797 948 1858 utraque
978 1797 1118 1843 terra
1147 1788 1339 1842 tremit.

33 1864 74 1927 ...Ἄ
149 1861 376 1916 iunctior
403 1859 705 1916 Haemonia
734 1873 812 1915 est
843 1860 1043 1923 Ponto,
1075 1878 1237 1928 quam
1268 1860 1465 1923 Roma,
1498 1858 1725 1923 sinistre,

41 1939 78 2001 :s
222 1942 274 1987 et
303 1931 542 1995 brevius,
573 1949 735 2001 quam
763 1949 884 1994 nos,
914 1931 1002 1985 ille
1069 1930 1238 2001 eregit
1266 1930 1379 1983 iter.

149 2004 238 2060 ille
267 2002 454 2057 habuit
483 2002 700 2057 comites
729 2002 927 2086 primos
958 2002 1028 2056 tel
1050 2001 1157 2055 uris
1189 2000 1455 2056 Achivae:

34 2126 39 2132 .
223 2083 279 2129 at
306 2083 542 2128 nostram
572 2082 747 2128 cuncti
777 2072 1061 2127 destituere
1091 2072 1294 2143 fugam.

34 2147 49 2181 '=
72 2198 75 2206 ,,
150 2163 248 2202 nos
277 2145 454 2217 fragili
482 2145 627 2216 ligno
659 2154 866 2198 vastum
898 2143 1218 2198 sulcavimus
1249 2161 1469 2212 aequor:

36 2271 38 2278 ,
199 2234 358 2287 -quae
388 2216 509 2270 tulit
536 2215 869 2279 Aesoniden,
901 2233 1051 2268 sacra
1080 2215 1259 2268 carina
1287 2214 1404 2267 fuit.

39 2311 46 2334 τ
151 2307 251 2344 nec
279 2286 407 2341 mihi
438 2286 643 2358 Tiphys
674 2296 786 2340 erat
814 2295 1008 2349 rector3
1039 2304 1138 2340 nec
1167 2286 1420 2356 Agenore
1449 2294 1622 2349 natus,

42 2363 83 2429 ⁴7?
223 2377 356 2429 quas
386 2358 652 2429 fugerem,
684 2358 887 2420 docuit,
918 2375 1049 2426 quas
1080 2375 1432 2426 sequererque
1464 2356 1592 2410 vias.

52 2426 77 2487 ²3<
153 2430 302 2484 illum
331 2432 500 2484 tutata
529 2439 609 2484 est
639 2447 762 2483 cum
790 2429 1012 2482 Pallade
1043 2428 1190 2498 regia
1219 2428 1379 2480 Iuno:

55 2509 99 2539 Χ
225 2500 507 2555 defendere
535 2519 713 2554 meum
743 2500 961 2554 numina
989 2499 1135 2552 nulla
1164 2507 1340 2569 caput.

56 2568 82 2646 ⁷25·
153 2571 303 2627 illum
330 2572 558 2626 furtivae
587 2572 769 2626 iuvere
800 2569 1080 2642 Cupidinis
1112 2580 1274 2624 artes:

55 2646 77 2664 ”³
226 2662 359 2713 quas
388 2662 420 2697 a
448 2662 533 2697 me
562 2643 753 2697 vellem
782 2660 890 2696 non
920 2642 1188 2695 didicisset
1215 2642 1402 2695 Amor.

154 2715 241 2768 ille
273 2714 489 2767 domum
518 2713 694 2768 rediit:
725 2732 821 2767 nos
851 2713 933 2767 his
963 2713 1250 2767 moriemur
1276 2711 1331 2765 in
1362 2712 1518 2774 arviS,

47 2766 106 2789 ὴ1,,

51 2803 91 2854 ‘gg
227 2783 510 2856 perstiterit
537 2783 667 2847 laesi
697 2784 741 2838 si
769 2784 946 2854 gravis
974 2784 1054 2836 ira
1082 2783 1184 2837 dei.

50 2855 87 2919 *f
157 2856 340 2910 durius
371 2863 451 2909 est
479 2854 642 2925 igitur
670 2865 933 2917 nostrum,
965 2854 1221 2907 fidissima
1251 2854 1497 2915 coniunx,

54 2923 77 3017 ὃῘ
228 2927 317 2980 illo
326 2966 342 2990 ,
373 2926 517 2995 quod
547 2925 707 2979 subiit
736 2926 950 2979 Aesone
980 2934 1162 2988 natus,
1192 2942 1340 2977 onus.

55 3001 74 3066 ᾗ,
158 3007 211 3053 te
240 3015 476 3067 quoque,
507 3015 668 3066 quam
697 2996 943 3050 iuvenem
973 2995 1246 3049 discedens
1276 2995 1407 3048 urbe
1436 2994 1642 3064 reliqui,

230 3068 479 3123 credibile
510 3077 589 3121 est
615 3066 807 3121 nostris
834 3066 1126 3121 insenuisse
1155 3066 1323 3119 malis,

161 3139 215 3193 ol
247 3157 372 3211 ego,
403 3138 458 3192 di
486 3138 703 3201 faciant,
735 3139 895 3192 talem
924 3148 975 3192 te
1008 3156 1219 3192 cernere
1250 3136 1464 3207 possim,

233 3228 458 3280 caraque
489 3210 703 3263 mutatis
732 3210 913 3263 oscula
942 3209 1079 3263 ferre
1109 3208 1259 3279 genis

163 3281 512 3353 amplectique
541 3281 672 3335 meis
703 3299 893 3351 corpus
922 3298 1028 3333 non
1058 3280 1258 3350 pingue
1287 3279 1496 3332 lacertis

235 3361 287 3408 et
316 3352 535 3423 ‘gracile
564 3352 665 3406 hoc
694 3352 843 3406 fecit'
876 3352 1049 3406 dicere
1078 3356 1230 3404 ‘cura
1258 3350 1406 3413 mei’,

166 3432 220 3479 et
247 3441 460 3477 narrare
490 3441 636 3477 meos
665 3423 812 3478 flenti
840 3423 971 3477 flens
1001 3423 1115 3493 ipse
1145 3422 1370 3485 laboreS,

239 3502 447 3566 sperato
475 3511 766 3565 numquam
796 3494 1180 3565 conloquioque
1209 3492 1332 3557 frui,

1754 325 1864 380 223

1895 738 1952 779 1⁵

1893 1093 1955 1135 20

1894 1448 1951 1487 25

1895 1806 1955 1846 30

1893 2160 1951 2202 35

1894 2516 1956 2555 40

1895 2870 1955 2909 45

1898 3225 1959 3264 50
