2158 3906
462 366 553 414 EX
580 367 797 416 PONTO
826 367 950 413 LIB.
979 367 1017 415 Ι.
1048 366 1159 425 VII,
1187 365 1436 425 27-V111,
1464 365 1535 410 42.
1754 354 1864 408 229

922 511 1082 566 VIII.

39 605 65 619 ”
88 642 89 645 “
152 613 210 670 A
237 612 333 668 tibi
363 611 552 666 dilecto
582 611 798 664 missam
826 611 1040 664 Nasone
1072 610 1294 664 salutem
1677 609 1715 653 S
1722 606 1767 651 Ε
1779 605 1910 652 VER
1921 606 1977 650 0·

225 682 427 754 accipe,
458 701 581 754 pars
613 683 820 735 animae
849 700 1068 751 magna,
1101 680 1322 744 Severe,
1351 698 1517 735 meae.

37 810 42 819 .
153 773 285 810 neve
315 771 468 824 roga,
501 752 629 822 quid
659 771 815 823 agam
826 773 841 816 ;
871 753 916 805 si
946 770 1233 822 persequar
1263 752 1464 815 omnia,
1492 749 1659 815 flebis,

46 837 55 844 ⁹
225 843 430 879 summa
461 823 586 877 satis
617 823 780 876 nostri
811 823 855 876 si
885 822 980 875 tibi
1010 833 1137 876 nota
1165 823 1307 877 mali.

154 895 380 952 vivimus
412 894 636 949 assiduis
667 903 908 965 expertes
939 894 1084 964 pacis
1114 893 1169 946 in
1200 893 1375 958 armis,
1890 908 1918 948 6

37 1005 53 1019 ⁴
226 966 359 1020 dura
387 965 689 1037 pharetrato
719 964 860 1019 bella
888 973 1132 1018 movente
1165 962 1322 1018 Geta.

73 1047 82 1057 ’·
154 1037 325 1107 deque
355 1045 434 1091 tot
463 1036 695 1107 expulsis
725 1055 843 1090 sum
872 1035 1022 1090 miles
1051 1035 1106 1088 in
1137 1036 1290 1089 exule
1321 1035 1486 1089 solus:

40 1115 43 1123 “
90 1164 93 1165 ⁷
223 1117 338 1162 tuta
365 1137 436 1146 —
465 1126 638 1178 neque
669 1107 880 1161 invideo
910 1137 983 1146 —-
1011 1116 1185 1161 cetera
1215 1106 1370 1159 turba
1398 1107 1542 1160 latet.

43 1179 47 1183 ’
153 1197 365 1250 quoque
394 1178 565 1249 magis
594 1187 801 1233 nostros
831 1178 987 1232 venia
1016 1177 1234 1248 dignere
1264 1177 1494 1230 libellos:

36 1310 53 1323 μ
223 1249 355 1304 haec
384 1250 439 1303 in
467 1250 743 1321 procinctu
772 1249 1005 1303 carmina
1034 1249 1175 1302 facta
1203 1248 1365 1329 leges.
1895 1262 1951 1302 10

38 1324 54 1393 &J
86 1355 87 1388 3
152 1329 256 1378 stat
284 1329 436 1375 vetus
466 1321 618 1384 urbs,
648 1320 793 1390 ripa-e
824 1320 998 1374 vicina
1027 1318 1308 1371 binomims
1338 1316 1527 1382 Histri,

38 1406 46 1459 J
222 1392 499 1446 moenibus
531 1400 582 1446 et
610 1391 784 1462 positu
815 1390 904 1443 vix
934 1389 1179 1443 adeunda
1207 1388 1324 1442 loci.

39 1498 43 1509 ›
84 1462 86 1468 ’
153 1461 379 1534 Caspios
410 1462 664 1533 Aegisos,
697 1462 762 1515 de
794 1479 849 1515 se
881 1461 925 1514 si
956 1460 1219 1514 credimus
1249 1459 1394 1529 ipsis,

22 1583 23 1586 ,
86 1584 87 1587 ,
224 1533 458 1588 condidit
487 1544 539 1588 et
568 1532 780 1603 proprio
810 1531 1021 1585 nomine
1052 1530 1184 1583 dixit
1213 1548 1365 1600 opus.

48 1629 50 1636 >
151 1604 289 1660 hanc
318 1604 486 1667 ferus,
519 1601 764 1673 Odrysiis
794 1602 1009 1672 inopino
1039 1601 1217 1655 Marte
1247 1600 1551 1671 peremptis,
1895 1616 1948 1656 15

39 1726 42 1748 ἰ
87 1732 100 1748 ‚
223 1675 361 1747 cepit
391 1684 443 1729 et
470 1674 526 1729 in
554 1693 734 1745 regem
766 1673 976 1727 sustulit
1006 1692 1152 1727 arma
1183 1670 1366 1726 Getes.

41 1751 50 1786 4-
71 1776 107 1810 ἢ.
150 1747 237 1802 ille
267 1763 470 1806 memor
497 1745 678 1816 magni
706 1745 941 1816 generis,
972 1744 1164 1798 virtute
1195 1742 1337 1812 quod
1369 1753 1547 1812 auget,

39 1823 52 1859 ²*-
78 1816 96 1842 ·’
221 1817 459 1890 protinus
489 1816 763 1870 innumero
795 1815 958 1869 milite
988 1815 1190 1868 cinctus
1223 1814 1387 1867 adest.

38 1890 58 1954 ξ
84 1906 90 1958 χ
150 1907 249 1945 nec
279 1889 424 1959 prius
456 1887 732 1951 abscessit,
762 1887 949 1941 merita
979 1904 1139 1955 quam
1171 1885 1331 1939 caede
1362 1893 1646 1937 nocentum

144 2009 151 2017 .
222 1960 450 2014 audaces
482 1957 684 2012 animos
715 1958 1026 2011 contuderat
1054 1957 1252 2027 populi.
1892 1971 1949 2012 20

38 2078 45 2087 ,
82 2051 84 2054 ’
151 2039 206 2086 at
235 2030 356 2094 tibi,
386 2048 480 2085 rex
509 2046 664 2092 aev0‚
697 2029 874 2092 detur,
906 2028 1188 2082 fortissime
1219 2036 1416 2090 nostre,

36 2144 40 2173 ·.
89 2167 91 2174 Ι
222 2120 430 2172 semper
459 2099 714 2154 honorata
744 2109 951 2170 sceptra
980 2108 1157 2154 tenere
1188 2117 1366 2151 manu.

22 2209 24 2214 ·
46 2187 50 2195 ‘
89 2191 91 2194 ·
150 2183 324 2242 teque,
348 2172 492 2240 quod
515 2180 567 2226 et
588 2181 835 2242 praestat,
851 2200 922 2208 —
937 2170 1066 2239 quid
1089 2170 1227 2223 enim
1244 2168 1338 2222 tibi
1356 2168 1563 2239 plenius
1580 2168 1877 2239 optem?—

51 2286 65 2299 .,
219 2243 420 2297 Martia
449 2261 570 2297 cum
598 2260 794 2313 magno
828 2239 1058 2295 Caesare
1088 2241 1262 2294 Roma
1291 2240 1493 2311 probet.

151 2315 244 2370 sed
273 2331 475 2369 memor
504 2313 645 2367 unde
676 2313 805 2376 abii,
836 2331 1050 2382 queror,
1081 2330 1112 2365 o
1142 2311 1371 2365 iucunde
1403 2309 1613 2374 sodaIiS,
1890 2326 1945 2366 25

20 2369 86 2453 i}
221 2385 475 2440 accedant
504 2384 696 2438 nostris
728 2403 886 2438 saeva
917 2383 1060 2452 quod
1091 2402 1238 2435 arma
1267 2382 1434 2435 malis.

50 2449 104 2523 Q
150 2466 208 2512 ut
238 2474 392 2514 careo
422 2455 599 2518 vobiS,
631 2454 849 2526 Stygias
881 2454 1123 2508 detrusus
1154 2454 1208 2506 in
1238 2472 1373 2516 oraS,

19 2595 24 2623 ἶ
50 2604 79 2650 ,ιζ

59 2663 88 2721 {⁷

70 2571 88 2603 Δ.
221 2537 469 2598 quattuor
498 2535 777 2580 autumnos
806 2525 984 2579 Pleias
1014 2533 1129 2579 orta
1156 2525 1299 2579 facit.

149 2617 247 2654 nec
277 2608 336 2652 tu
365 2597 649 2652 credideris
677 2597 912 2651 urbanae
942 2596 1219 2651 commoda
1248 2595 1387 2650 vitae

220 2687 472 2738 quaerere
500 2668 787 2724 Nasonem.
861 2667 1065 2737 quaerit
1095 2677 1147 2722 et
1176 2668 1267 2720 illa
1296 2677 1490 2722 tamen.
1891 2683 1947 2722 30

148 2759 274 2794 nam
301 2739 460 2793 modo
489 2757 584 2793 vos
614 2739 814 2802 anim0,
846 2739 1052 2800 dulces,
1082 2738 1411 2800 reminiscor,
1443 2738 1615 2801 amici,

61 2834 82 2867 z
219 2829 363 2864 nunc
391 2809 521 2863 mihi
551 2828 672 2864 cum
702 2828 825 2862 cara
854 2809 1080 2879 coniuge
1109 2819 1235 2862 nata
1264 2809 1428 2861 subit:

62 2887 81 2953 ᾗ
151 2898 287 2953 aque
318 2882 476 2935 domo
505 2899 687 2936 rursus
715 2879 967 2950 pulchrae
997 2880 1115 2932 loca
1143 2888 1320 2933 vertor
1349 2879 1418 2932 ad
1447 2878 1611 2943 urbis,

47 2956 80 3025 -ἦέ
197 2961 518 3021 -cunctaque
547 2970 696 3005 mens
726 2950 892 3004 oculis
922 2950 1162 3021 pervidet
1190 2968 1288 3003 usa
1318 2949 1443 3003 suis.

149 3042 291 3078 nunc
319 3023 459 3086 fora,
489 3039 631 3077 nunc
663 3021 843 3085 aedes,
872 3039 1014 3075 nunc
1042 3038 1304 3074 marmore
1334 3030 1473 3074 tecta
1501 3019 1722 3083 theatra,
1889 3038 1944 3077 35

70 3094 73 3102 ²
220 3112 364 3148 nunc
393 3094 535 3148 subit
564 3101 791 3163 aequata
818 3091 1051 3163 porticus
1081 3091 1250 3145 omnis
1279 3091 1461 3155 hume,

75 3195 77 3239 3
152 3165 393 3236 gramina
409 3183 563 3225 ‚nunc
594 3162 788 3234 Campi
815 3163 1064 3234 pulchros
1095 3163 1380 3233 spectantis
1408 3163 1464 3216 in
1493 3162 1691 3226 hortOS,

18 3291 20 3310 ;
222 3246 515 3308 stagnaque
545 3245 597 3290 et
626 3235 818 3306 euripi,
849 3234 1243 3304 Virgineusque
1271 3233 1460 3302 liquor.

18 3323 36 3337 ¹*
70 3332 73 3358 ;
153 3315 229 3372 at,
259 3316 412 3378 pute,
442 3307 518 3362 sic
546 3307 692 3361 urbis
722 3307 914 3360 misero
945 3314 1024 3359 est
1053 3314 1233 3376 erepta
1261 3305 1522 3375 voluptas,

73 3428 77 3435 .
139 3441 141 3443 ¹
223 3377 456 3448 quolibet
483 3387 544 3431 ut
573 3378 760 3434 saltem
788 3396 909 3432 rure
938 3376 1043 3430 frui
1072 3376 1259 3430 liceat?
1888 3394 1945 3433 40

19 3455 21 3507 2
153 3466 260 3503 non
289 3467 437 3502 meus
468 3449 685 3504 amissos
715 3449 922 3503 animus
953 3447 1216 3501 desiderat
1245 3465 1401 3518 agros

70 3520 77 3526 ”
225 3536 453 3590 ruraque
482 3519 740 3590 Paeligno
771 3518 1143 3590 conspicienda
1173 3518 1301 3582 so10,
