<?xml version="1.0" encoding="UTF-8"?>
<!DOCTYPE html PUBLIC "-//W3C//DTD XHTML 1.0 Transitional//EN"
    "http://www.w3.org/TR/xhtml1/DTD/xhtml1-transitional.dtd">
<html xmlns="http://www.w3.org/1999/xhtml" xml:lang="en" lang="en">
 <head>
  <title>
</title>
<meta http-equiv="Content-Type" content="text/html;charset=utf-8" />
  <meta name='ocr-system' content='tesseract 3.04.00' />
  <meta name='ocr-capabilities' content='ocr_page ocr_carea ocr_par ocr_line ocrx_word'/>
</head>
<body>
  <div class='ocr_page' id='page_1' title='image "./carminaov03oviduoft_0165.png"; bbox 0 0 2158 3906; ppageno 0'>
   <div class='ocr_carea' id='block_1_1' title="bbox 0 0 114 3715">
    <p class='ocr_par' dir='ltr' id='par_1_1' title="bbox 0 0 114 3715">
     <span class='ocr_line' id='line_1_1' title="bbox 0 0 114 3715; baseline 0 0"><span class='ocrx_word' id='word_1_1' title='bbox 0 0 114 3715; x_wconf 95' lang='lat' dir='ltr'> </span> 
     </span>
    </p>
   </div>
   <div class='ocr_carea' id='block_1_2' title="bbox 525 349 1448 410">
    <p class='ocr_par' dir='ltr' id='par_1_2' title="bbox 525 349 1448 410">
     <span class='ocr_line' id='line_1_2' title="bbox 525 349 1448 410; baseline 0.005 -17"><span class='ocrx_word' id='word_1_2' title='bbox 525 349 839 397; x_wconf 87' lang='lat' dir='ltr'>TRISTIUM</span> <span class='ocrx_word' id='word_1_3' title='bbox 867 350 989 395; x_wconf 90' lang='lat' dir='ltr'>LIB.</span> <span class='ocrx_word' id='word_1_4' title='bbox 1020 349 1057 395; x_wconf 92' lang='lat'>1.</span> <span class='ocrx_word' id='word_1_5' title='bbox 1089 350 1149 410; x_wconf 88' lang='lat' dir='ltr'>V,</span> <span class='ocrx_word' id='word_1_6' title='bbox 1179 352 1348 410; x_wconf 86' lang='lat' dir='ltr'>9—V1‚</span> <span class='ocrx_word' id='word_1_7' title='bbox 1380 353 1448 398; x_wconf 89' lang='lat'>10.</span> 
     </span>
    </p>
   </div>
   <div class='ocr_carea' id='block_1_3' title="bbox 63 448 1707 2703">
    <p class='ocr_par' dir='ltr' id='par_1_3' title="bbox 121 448 1456 593">
     <span class='ocr_line' id='line_1_3' title="bbox 121 448 1397 534; baseline 0.002 -28"><span class='ocrx_word' id='word_1_8' title='bbox 121 449 180 506; x_wconf 63' lang='lat' dir='ltr'>&gt;si</span> <span class='ocrx_word' id='word_1_9' title='bbox 210 468 312 504; x_wconf 80' lang='lat' dir='ltr'>vox</span> <span class='ocrx_word' id='word_1_10' title='bbox 341 448 624 520; x_wconf 78' lang='lat' dir='ltr'>infragilis,</span> <span class='ocrx_word' id='word_1_11' title='bbox 655 461 839 534; x_wconf 79' lang='lat' dir='ltr'>pectus</span> <span class='ocrx_word' id='word_1_12' title='bbox 869 451 998 504; x_wconf 90' lang='lat' dir='ltr'>mihi</span> <span class='ocrx_word' id='word_1_13' title='bbox 1029 452 1228 507; x_wconf 89' lang='lat' dir='ltr'>firmius</span> <span class='ocrx_word' id='word_1_14' title='bbox 1260 473 1397 516; x_wconf 84' lang='lat' dir='ltr'>aere,</span> 
     </span>
     <span class='ocr_line' id='line_1_4' title="bbox 175 521 1456 593; baseline 0.004 -20"><span class='ocrx_word' id='word_1_15' title='bbox 175 521 463 592; x_wconf 81' lang='lat' dir='ltr'>&#39;pluraque</span> <span class='ocrx_word' id='word_1_16' title='bbox 494 539 615 574; x_wconf 92' lang='lat' dir='ltr'>cum</span> <span class='ocrx_word' id='word_1_17' title='bbox 644 522 837 592; x_wconf 87' lang='lat' dir='ltr'>hnguis</span> <span class='ocrx_word' id='word_1_18' title='bbox 868 523 1109 593; x_wconf 91' lang='lat' dir='ltr'>pluribus</span> <span class='ocrx_word' id='word_1_19' title='bbox 1140 542 1232 577; x_wconf 88' lang='lat' dir='ltr'>ora</span> <span class='ocrx_word' id='word_1_20' title='bbox 1261 524 1456 578; x_wconf 88' lang='lat' dir='ltr'>forent:</span> 
     </span>
    </p>

    <p class='ocr_par' dir='ltr' id='par_1_4' title="bbox 134 591 1505 733">
     <span class='ocr_line' id='line_1_5' title="bbox 134 591 1505 663; baseline 0.001 -16"><span class='ocrx_word' id='word_1_21' title='bbox 134 610 240 656; x_wconf 84' lang='lat' dir='ltr'>non</span> <span class='ocrx_word' id='word_1_22' title='bbox 271 591 671 645; x_wconf 81' lang='lat' dir='ltr'>tamenidcirco</span> <span class='ocrx_word' id='word_1_23' title='bbox 703 594 1078 663; x_wconf 77' lang='lat' dir='ltr'>complecterer</span> <span class='ocrx_word' id='word_1_24' title='bbox 1107 595 1283 648; x_wconf 89' lang='lat' dir='ltr'>omnia</span> <span class='ocrx_word' id='word_1_25' title='bbox 1313 595 1505 660; x_wconf 87' lang='lat' dir='ltr'>verbis,</span> 
     </span>
     <span class='ocr_line' id='line_1_6' title="bbox 205 661 1158 733; baseline 0.003 -18"><span class='ocrx_word' id='word_1_26' title='bbox 205 661 424 716; x_wconf 85' lang='lat' dir='ltr'>materia</span> <span class='ocrx_word' id='word_1_27' title='bbox 452 662 590 715; x_wconf 89' lang='lat' dir='ltr'>vires</span> <span class='ocrx_word' id='word_1_28' title='bbox 622 674 968 733; x_wconf 78' lang='lat' dir='ltr'>exsuperante</span> <span class='ocrx_word' id='word_1_29' title='bbox 1000 684 1158 718; x_wconf 90' lang='lat' dir='ltr'>meas.</span> 
     </span>
    </p>

    <p class='ocr_par' dir='ltr' id='par_1_5' title="bbox 135 732 1483 876">
     <span class='ocr_line' id='line_1_7' title="bbox 135 732 1483 820; baseline 0.003 -34"><span class='ocrx_word' id='word_1_30' title='bbox 135 751 231 805; x_wconf 90' lang='lat' dir='ltr'>pro</span> <span class='ocrx_word' id='word_1_31' title='bbox 262 733 395 787; x_wconf 91' lang='lat' dir='ltr'>duce</span> <span class='ocrx_word' id='word_1_32' title='bbox 424 732 653 796; x_wconf 80' lang='lat' dir='ltr'>Neritio,</span> <span class='ocrx_word' id='word_1_33' title='bbox 685 734 849 797; x_wconf 86' lang='lat' dir='ltr'>docti,</span> <span class='ocrx_word' id='word_1_34' title='bbox 881 735 1018 788; x_wconf 90' lang='lat' dir='ltr'>mala</span> <span class='ocrx_word' id='word_1_35' title='bbox 1047 746 1248 799; x_wconf 85' lang='lat' dir='ltr'>nostra,</span> <span class='ocrx_word' id='word_1_36' title='bbox 1280 747 1483 820; x_wconf 82' lang='lat' dir='ltr'>poetae,</span> 
     </span>
     <span class='ocr_line' id='line_1_8' title="bbox 207 802 1321 876; baseline 0.004 -19"><span class='ocrx_word' id='word_1_37' title='bbox 207 802 439 858; x_wconf 83' lang='lat' dir='ltr'>scribite:</span> <span class='ocrx_word' id='word_1_38' title='bbox 471 803 673 857; x_wconf 88' lang='lat' dir='ltr'>Neritio</span> <span class='ocrx_word' id='word_1_39' title='bbox 704 824 828 858; x_wconf 87' lang='lat' dir='ltr'>nam</span> <span class='ocrx_word' id='word_1_40' title='bbox 858 806 997 859; x_wconf 89' lang='lat' dir='ltr'>mala</span> <span class='ocrx_word' id='word_1_41' title='bbox 1027 807 1179 876; x_wconf 88' lang='lat' dir='ltr'>plura</span> <span class='ocrx_word' id='word_1_42' title='bbox 1209 808 1321 861; x_wconf 85' lang='lat' dir='ltr'>tuh.</span> 
     </span>
    </p>

    <p class='ocr_par' dir='ltr' id='par_1_6' title="bbox 133 874 1293 945">
     <span class='ocr_line' id='line_1_9' title="bbox 133 874 1293 945; baseline 0.003 -17"><span class='ocrx_word' id='word_1_43' title='bbox 133 874 221 928; x_wconf 91' lang='lat' dir='ltr'>ille</span> <span class='ocrx_word' id='word_1_44' title='bbox 252 874 398 928; x_wconf 87' lang='lat' dir='ltr'>brevi</span> <span class='ocrx_word' id='word_1_45' title='bbox 429 875 597 945; x_wconf 83' lang='lat' dir='ltr'>spatio</span> <span class='ocrx_word' id='word_1_46' title='bbox 627 876 805 929; x_wconf 85' lang='lat' dir='ltr'>multis</span> <span class='ocrx_word' id='word_1_47' title='bbox 837 877 1029 930; x_wconf 84' lang='lat' dir='ltr'>erravit</span> <span class='ocrx_word' id='word_1_48' title='bbox 1059 878 1113 930; x_wconf 92' lang='lat' dir='ltr'>in</span> <span class='ocrx_word' id='word_1_49' title='bbox 1144 878 1293 931; x_wconf 91' lang='lat' dir='ltr'>annis</span> 
     </span>
    </p>

    <p class='ocr_par' dir='ltr' id='par_1_7' title="bbox 114 944 1212 1015">
     <span class='ocr_line' id='line_1_10' title="bbox 114 944 1212 1015; baseline 0.003 -17"><span class='ocrx_word' id='word_1_50' title='bbox 114 980 117 990; x_wconf 56' lang='grc' dir='ltr'><em>ι</em></span> <span class='ocrx_word' id='word_1_51' title='bbox 203 945 340 999; x_wconf 92' lang='lat' dir='ltr'>inter</span> <span class='ocrx_word' id='word_1_52' title='bbox 368 944 646 999; x_wconf 91' lang='lat' dir='ltr'>Dulichias</span> <span class='ocrx_word' id='word_1_53' title='bbox 676 947 972 1015; x_wconf 88' lang='lat' dir='ltr'>Iliacasque</span> <span class='ocrx_word' id='word_1_54' title='bbox 1004 949 1212 1002; x_wconf 87' lang='lat' dir='ltr'>domos:</span> 
     </span>
    </p>

    <p class='ocr_par' dir='ltr' id='par_1_8' title="bbox 133 1016 1349 1073">
     <span class='ocr_line' id='line_1_11' title="bbox 133 1016 1349 1073; baseline 0.003 -4"><span class='ocrx_word' id='word_1_55' title='bbox 133 1034 230 1070; x_wconf 90' lang='lat' dir='ltr'>nos</span> <span class='ocrx_word' id='word_1_56' title='bbox 259 1016 393 1070; x_wconf 87' lang='lat' dir='ltr'>freta</span> <span class='ocrx_word' id='word_1_57' title='bbox 424 1016 682 1071; x_wconf 89' lang='lat' dir='ltr'>sideribus</span> <span class='ocrx_word' id='word_1_58' title='bbox 713 1019 833 1071; x_wconf 92' lang='lat' dir='ltr'>totis</span> <span class='ocrx_word' id='word_1_59' title='bbox 866 1019 1110 1072; x_wconf 81' lang='lat' dir='ltr'>distantia</span> <span class='ocrx_word' id='word_1_60' title='bbox 1138 1038 1349 1073; x_wconf 85' lang='lat' dir='ltr'>mensos</span> 
     </span>
    </p>

    <p class='ocr_par' dir='ltr' id='par_1_9' title="bbox 114 1086 1298 1143">
     <span class='ocr_line' id='line_1_12' title="bbox 114 1086 1298 1143; baseline 0.003 -4"><span class='ocrx_word' id='word_1_61' title='bbox 114 1095 118 1115; x_wconf 75' lang='lat'><em>³</em></span> <span class='ocrx_word' id='word_1_62' title='bbox 206 1086 391 1140; x_wconf 83' lang='lat' dir='ltr'>detulit</span> <span class='ocrx_word' id='word_1_63' title='bbox 419 1087 472 1140; x_wconf 93' lang='lat' dir='ltr'>in</span> <span class='ocrx_word' id='word_1_64' title='bbox 506 1086 723 1142; x_wconf 86' lang='lat' dir='ltr'>Geticos</span> <span class='ocrx_word' id='word_1_65' title='bbox 757 1087 1000 1143; x_wconf 81' lang='lat' dir='ltr'>Caesaris</span> <span class='ocrx_word' id='word_1_66' title='bbox 1030 1091 1108 1143; x_wconf 90' lang='lat' dir='ltr'>ira</span> <span class='ocrx_word' id='word_1_67' title='bbox 1138 1091 1298 1143; x_wconf 90' lang='lat' dir='ltr'>sinus.</span> 
     </span>
    </p>

    <p class='ocr_par' dir='ltr' id='par_1_10' title="bbox 132 1155 1516 1300">
     <span class='ocr_line' id='line_1_13' title="bbox 132 1155 1516 1230; baseline 0.003 -19"><span class='ocrx_word' id='word_1_68' title='bbox 132 1155 219 1212; x_wconf 91' lang='lat' dir='ltr'>ille</span> <span class='ocrx_word' id='word_1_69' title='bbox 249 1157 433 1211; x_wconf 90' lang='lat' dir='ltr'>habuit</span> <span class='ocrx_word' id='word_1_70' title='bbox 463 1158 729 1228; x_wconf 88' lang='lat' dir='ltr'>fidamque</span> <span class='ocrx_word' id='word_1_71' title='bbox 759 1179 974 1213; x_wconf 88' lang='lat' dir='ltr'>manum</span> <span class='ocrx_word' id='word_1_72' title='bbox 1007 1161 1278 1230; x_wconf 89' lang='lat' dir='ltr'>sociosque</span> <span class='ocrx_word' id='word_1_73' title='bbox 1309 1161 1516 1215; x_wconf 82' lang='lat' dir='ltr'>fideles:</span> 
     </span>
     <span class='ocr_line' id='line_1_14' title="bbox 204 1229 1314 1300; baseline 0.001 -19"><span class='ocrx_word' id='word_1_74' title='bbox 204 1248 289 1282; x_wconf 91' lang='lat' dir='ltr'>me</span> <span class='ocrx_word' id='word_1_75' title='bbox 319 1229 604 1300; x_wconf 87' lang='lat' dir='ltr'>profugum</span> <span class='ocrx_word' id='word_1_76' title='bbox 636 1231 853 1284; x_wconf 87' lang='lat' dir='ltr'>comites</span> <span class='ocrx_word' id='word_1_77' title='bbox 884 1231 1162 1284; x_wconf 83' lang='lat' dir='ltr'>deseruere</span> <span class='ocrx_word' id='word_1_78' title='bbox 1193 1231 1314 1284; x_wconf 89' lang='lat' dir='ltr'>mei.</span> 
     </span>
    </p>

    <p class='ocr_par' dir='ltr' id='par_1_11' title="bbox 131 1298 1420 1454">
     <span class='ocr_line' id='line_1_15' title="bbox 131 1298 1420 1371; baseline 0.002 -19"><span class='ocrx_word' id='word_1_79' title='bbox 131 1298 219 1354; x_wconf 91' lang='lat' dir='ltr'>ille</span> <span class='ocrx_word' id='word_1_80' title='bbox 251 1319 399 1352; x_wconf 85' lang='lat' dir='ltr'>suam</span> <span class='ocrx_word' id='word_1_81' title='bbox 429 1301 598 1354; x_wconf 87' lang='lat' dir='ltr'>laetus</span> <span class='ocrx_word' id='word_1_82' title='bbox 628 1301 851 1371; x_wconf 86' lang='lat' dir='ltr'>patriam</span> <span class='ocrx_word' id='word_1_83' title='bbox 882 1301 1151 1370; x_wconf 87' lang='lat' dir='ltr'>victorque</span> <span class='ocrx_word' id='word_1_84' title='bbox 1182 1301 1420 1371; x_wconf 86' lang='lat' dir='ltr'>petebat:</span> 
     </span>
     <span class='ocr_line' id='line_1_16' title="bbox 205 1370 1165 1454; baseline 0 -31"><span class='ocrx_word' id='word_1_85' title='bbox 205 1389 235 1423; x_wconf 89' lang='lat' dir='ltr'>a</span> <span class='ocrx_word' id='word_1_86' title='bbox 265 1370 435 1441; x_wconf 88' lang='lat' dir='ltr'>patria</span> <span class='ocrx_word' id='word_1_87' title='bbox 464 1370 579 1454; x_wconf 78' lang='lat' dir='ltr'>fugi</span> <span class='ocrx_word' id='word_1_88' title='bbox 611 1371 781 1424; x_wconf 88' lang='lat' dir='ltr'>victus</span> <span class='ocrx_word' id='word_1_89' title='bbox 812 1381 863 1425; x_wconf 93' lang='lat' dir='ltr'>et</span> <span class='ocrx_word' id='word_1_90' title='bbox 894 1373 1015 1425; x_wconf 90' lang='lat' dir='ltr'>exul</span> <span class='ocrx_word' id='word_1_91' title='bbox 1047 1391 1074 1425; x_wconf 94' lang='lat' dir='ltr'>e</span> <span class='ocrx_word' id='word_1_92' title='bbox 1117 1389 1165 1424; x_wconf 91' lang='lat'>0.</span> 
     </span>
    </p>

    <p class='ocr_par' dir='ltr' id='par_1_12' title="bbox 131 1391 1641 1507">
     <span class='ocr_line' id='line_1_17' title="bbox 131 1391 1641 1507; baseline 0.003 -13"><span class='ocrx_word' id='word_1_93' title='bbox 131 1459 230 1495; x_wconf 90' lang='lat' dir='ltr'>nec</span> <span class='ocrx_word' id='word_1_94' title='bbox 259 1440 387 1494; x_wconf 87' lang='lat' dir='ltr'>mihi</span> <span class='ocrx_word' id='word_1_95' title='bbox 415 1441 726 1495; x_wconf 88' lang='lat' dir='ltr'>Duhehium</span> <span class='ocrx_word' id='word_1_96' title='bbox 757 1442 943 1495; x_wconf 90' lang='lat' dir='ltr'>domus</span> <span class='ocrx_word' id='word_1_97' title='bbox 975 1453 1055 1496; x_wconf 87' lang='lat' dir='ltr'>est</span> <span class='ocrx_word' id='word_1_98' title='bbox 1078 1391 1332 1496; x_wconf 47' lang='lat' dir='ltr'>{thaeeve</span> <span class='ocrx_word' id='word_1_99' title='bbox 1365 1441 1641 1507; x_wconf 86' lang='lat' dir='ltr'>Samosvc,</span> 
     </span>
    </p>

    <p class='ocr_par' dir='ltr' id='par_1_13' title="bbox 241 1512 1484 1583">
     <span class='ocr_line' id='line_1_18' title="bbox 241 1512 1484 1583; baseline 0.002 -19"><span class='ocrx_word' id='word_1_100' title='bbox 241 1530 373 1565; x_wconf 91' lang='lat' dir='ltr'>oena</span> <span class='ocrx_word' id='word_1_101' title='bbox 403 1512 594 1581; x_wconf 92' lang='lat' dir='ltr'>quibus</span> <span class='ocrx_word' id='word_1_102' title='bbox 625 1531 729 1565; x_wconf 90' lang='lat' dir='ltr'>non</span> <span class='ocrx_word' id='word_1_103' title='bbox 762 1523 838 1566; x_wconf 92' lang='lat' dir='ltr'>est</span> <span class='ocrx_word' id='word_1_104' title='bbox 869 1512 1083 1583; x_wconf 83' lang='lat' dir='ltr'>grandis</span> <span class='ocrx_word' id='word_1_105' title='bbox 1115 1513 1300 1567; x_wconf 89' lang='lat' dir='ltr'>abesse</span> <span class='ocrx_word' id='word_1_106' title='bbox 1331 1514 1484 1567; x_wconf 87' lang='lat' dir='ltr'>locis:</span> 
     </span>
    </p>

    <p class='ocr_par' dir='ltr' id='par_1_14' title="bbox 133 1531 1515 1655">
     <span class='ocr_line' id='line_1_19' title="bbox 133 1531 1515 1655; baseline 0.001 -19"><span class='ocrx_word' id='word_1_107' title='bbox 133 1531 236 1637; x_wconf 60' lang='lat' dir='ltr'>sed)</span> <span class='ocrx_word' id='word_1_108' title='bbox 255 1600 391 1652; x_wconf 88' lang='lat' dir='ltr'>quae</span> <span class='ocrx_word' id='word_1_109' title='bbox 422 1581 486 1636; x_wconf 92' lang='lat' dir='ltr'>de</span> <span class='ocrx_word' id='word_1_110' title='bbox 517 1593 716 1654; x_wconf 89' lang='lat' dir='ltr'>septem</span> <span class='ocrx_word' id='word_1_111' title='bbox 748 1593 918 1636; x_wconf 88' lang='lat' dir='ltr'>totum</span> <span class='ocrx_word' id='word_1_112' title='bbox 949 1584 1301 1655; x_wconf 83' lang='lat' dir='ltr'>circumspicit</span> <span class='ocrx_word' id='word_1_113' title='bbox 1332 1585 1515 1639; x_wconf 86' lang='lat' dir='ltr'>orbem</span> 
     </span>
    </p>

    <p class='ocr_par' dir='ltr' id='par_1_15' title="bbox 63 1652 1423 1797">
     <span class='ocr_line' id='line_1_20' title="bbox 63 1652 1419 1725; baseline 0.001 -19"><span class='ocrx_word' id='word_1_114' title='bbox 63 1691 68 1719; x_wconf 58' lang='lat'>2</span> <span class='ocrx_word' id='word_1_115' title='bbox 202 1652 492 1717; x_wconf 86' lang='lat' dir='ltr'>montibus,</span> <span class='ocrx_word' id='word_1_116' title='bbox 522 1653 727 1725; x_wconf 90' lang='lat' dir='ltr'>imperii</span> <span class='ocrx_word' id='word_1_117' title='bbox 757 1654 929 1708; x_wconf 87' lang='lat' dir='ltr'>Roma</span> <span class='ocrx_word' id='word_1_118' title='bbox 959 1655 1224 1725; x_wconf 88' lang='lat' dir='ltr'>deumque</span> <span class='ocrx_word' id='word_1_119' title='bbox 1254 1655 1419 1709; x_wconf 87' lang='lat' dir='ltr'>locus.</span> 
     </span>
     <span class='ocr_line' id='line_1_21' title="bbox 131 1722 1423 1797; baseline 0.002 -20"><span class='ocrx_word' id='word_1_120' title='bbox 131 1722 204 1777; x_wconf 91' lang='lat' dir='ltr'>illi</span> <span class='ocrx_word' id='word_1_121' title='bbox 236 1742 324 1778; x_wconf 89' lang='lat' dir='ltr'>cor</span> <span class='ocrx_word' id='word_1_122' title='bbox 362 1743 424 1778; x_wconf 93' lang='lat' dir='ltr'>us</span> <span class='ocrx_word' id='word_1_123' title='bbox 454 1734 565 1779; x_wconf 88' lang='lat' dir='ltr'>erat</span> <span class='ocrx_word' id='word_1_124' title='bbox 595 1725 785 1779; x_wconf 90' lang='lat' dir='ltr'>durum</span> <span class='ocrx_word' id='word_1_125' title='bbox 816 1726 1127 1797; x_wconf 87' lang='lat' dir='ltr'>patiensque</span> <span class='ocrx_word' id='word_1_126' title='bbox 1157 1726 1423 1779; x_wconf 86' lang='lat' dir='ltr'>laborum:</span> 
     </span>
    </p>

    <p class='ocr_par' dir='ltr' id='par_1_16' title="bbox 202 1743 1201 1867">
     <span class='ocr_line' id='line_1_22' title="bbox 202 1743 1201 1867; baseline 0.003 -20"><span class='ocrx_word' id='word_1_127' title='bbox 202 1743 461 1849; x_wconf 71' lang='lat' dir='ltr'>invaiidae</span> <span class='ocrx_word' id='word_1_128' title='bbox 492 1796 630 1850; x_wconf 87' lang='lat' dir='ltr'>vires</span> <span class='ocrx_word' id='word_1_129' title='bbox 660 1796 1026 1867; x_wconf 84' lang='lat' dir='ltr'>ingenuaeque</span> <span class='ocrx_word' id='word_1_130' title='bbox 1058 1797 1201 1851; x_wconf 89' lang='lat' dir='ltr'>mihi.</span> 
     </span>
    </p>

    <p class='ocr_par' dir='ltr' id='par_1_17' title="bbox 130 1865 1353 2010">
     <span class='ocr_line' id='line_1_23' title="bbox 130 1865 1353 1938; baseline 0.002 -19"><span class='ocrx_word' id='word_1_131' title='bbox 130 1865 218 1920; x_wconf 83' lang='lat' dir='ltr'>ille</span> <span class='ocrx_word' id='word_1_132' title='bbox 248 1874 358 1920; x_wconf 86' lang='lat' dir='ltr'>erat</span> <span class='ocrx_word' id='word_1_133' title='bbox 388 1866 598 1921; x_wconf 85' lang='lat' dir='ltr'>assidue</span> <span class='ocrx_word' id='word_1_134' title='bbox 628 1868 796 1921; x_wconf 87' lang='lat' dir='ltr'>saevis</span> <span class='ocrx_word' id='word_1_135' title='bbox 828 1868 1057 1938; x_wconf 83' lang='lat' dir='ltr'>agitatus</span> <span class='ocrx_word' id='word_1_136' title='bbox 1087 1870 1140 1922; x_wconf 91' lang='lat' dir='ltr'>in</span> <span class='ocrx_word' id='word_1_137' title='bbox 1172 1869 1353 1922; x_wconf 86' lang='lat' dir='ltr'>armis:</span> 
     </span>
     <span class='ocr_line' id='line_1_24' title="bbox 203 1935 1214 2010; baseline 0.003 -20"><span class='ocrx_word' id='word_1_138' title='bbox 203 1935 453 1991; x_wconf 86' lang='lat' dir='ltr'>adsuetus</span> <span class='ocrx_word' id='word_1_139' title='bbox 483 1937 669 1991; x_wconf 88' lang='lat' dir='ltr'>studiis</span> <span class='ocrx_word' id='word_1_140' title='bbox 700 1939 945 1993; x_wconf 88' lang='lat' dir='ltr'>mollibus</span> <span class='ocrx_word' id='word_1_141' title='bbox 976 1940 1089 2010; x_wconf 88' lang='lat' dir='ltr'>ipse</span> <span class='ocrx_word' id='word_1_142' title='bbox 1119 1940 1214 1993; x_wconf 88' lang='lat' dir='ltr'>fui.</span> 
     </span>
    </p>

    <p class='ocr_par' dir='ltr' id='par_1_18' title="bbox 131 2007 1504 2152">
     <span class='ocr_line' id='line_1_25' title="bbox 131 2007 1504 2091; baseline 0.004 -31"><span class='ocrx_word' id='word_1_143' title='bbox 131 2026 216 2061; x_wconf 90' lang='lat' dir='ltr'>me</span> <span class='ocrx_word' id='word_1_144' title='bbox 247 2007 377 2062; x_wconf 88' lang='lat' dir='ltr'>deus</span> <span class='ocrx_word' id='word_1_145' title='bbox 408 2010 688 2091; x_wconf 81' lang='lat' dir='ltr'>oppressit,</span> <span class='ocrx_word' id='word_1_146' title='bbox 720 2010 864 2062; x_wconf 92' lang='lat' dir='ltr'>nullo</span> <span class='ocrx_word' id='word_1_147' title='bbox 894 2011 1033 2063; x_wconf 89' lang='lat' dir='ltr'>mala</span> <span class='ocrx_word' id='word_1_148' title='bbox 1063 2021 1242 2065; x_wconf 87' lang='lat' dir='ltr'>nostra</span> <span class='ocrx_word' id='word_1_149' title='bbox 1270 2012 1504 2066; x_wconf 84' lang='lat' dir='ltr'>levante:</span> 
     </span>
     <span class='ocr_line' id='line_1_26' title="bbox 203 2078 1135 2152; baseline 0.004 -21"><span class='ocrx_word' id='word_1_150' title='bbox 203 2078 445 2132; x_wconf 83' lang='lat' dir='ltr'>bellatrix</span> <span class='ocrx_word' id='word_1_151' title='bbox 473 2079 548 2132; x_wconf 91' lang='lat' dir='ltr'>1lli</span> <span class='ocrx_word' id='word_1_152' title='bbox 579 2080 701 2133; x_wconf 89' lang='lat' dir='ltr'>diva</span> <span class='ocrx_word' id='word_1_153' title='bbox 730 2081 932 2134; x_wconf 87' lang='lat' dir='ltr'>serebat</span> <span class='ocrx_word' id='word_1_154' title='bbox 963 2101 1135 2152; x_wconf 89' lang='lat' dir='ltr'>opem.</span> 
     </span>
    </p>

    <p class='ocr_par' dir='ltr' id='par_1_19' title="bbox 131 2149 1707 2294">
     <span class='ocr_line' id='line_1_27' title="bbox 131 2149 1707 2224; baseline 0.004 -23"><span class='ocrx_word' id='word_1_155' title='bbox 131 2167 359 2218; x_wconf 89' lang='lat' dir='ltr'>cumque</span> <span class='ocrx_word' id='word_1_156' title='bbox 386 2149 559 2203; x_wconf 90' lang='lat' dir='ltr'>minor</span> <span class='ocrx_word' id='word_1_157' title='bbox 587 2151 715 2204; x_wconf 89' lang='lat' dir='ltr'>Iove</span> <span class='ocrx_word' id='word_1_158' title='bbox 748 2152 836 2213; x_wconf 88' lang='lat' dir='ltr'>sit,</span> <span class='ocrx_word' id='word_1_159' title='bbox 867 2153 1080 2205; x_wconf 87' lang='lat' dir='ltr'>tumidis</span> <span class='ocrx_word' id='word_1_160' title='bbox 1113 2154 1204 2222; x_wconf 91' lang='lat' dir='ltr'>qui</span> <span class='ocrx_word' id='word_1_161' title='bbox 1234 2163 1419 2224; x_wconf 85' lang='lat' dir='ltr'>regnat</span> <span class='ocrx_word' id='word_1_162' title='bbox 1449 2153 1503 2206; x_wconf 91' lang='lat' dir='ltr'>in</span> <span class='ocrx_word' id='word_1_163' title='bbox 1533 2153 1707 2217; x_wconf 89' lang='lat' dir='ltr'>undis,</span> 
     </span>
     <span class='ocr_line' id='line_1_28' title="bbox 200 2219 1266 2294; baseline 0.004 -22"><span class='ocrx_word' id='word_1_164' title='bbox 200 2219 348 2273; x_wconf 89' lang='lat' dir='ltr'>illum</span> <span class='ocrx_word' id='word_1_165' title='bbox 378 2221 636 2291; x_wconf 89' lang='lat' dir='ltr'>Neptuni,</span> <span class='ocrx_word' id='word_1_166' title='bbox 667 2242 752 2275; x_wconf 91' lang='lat' dir='ltr'>me</span> <span class='ocrx_word' id='word_1_167' title='bbox 783 2222 924 2276; x_wconf 91' lang='lat' dir='ltr'>Iovis</span> <span class='ocrx_word' id='word_1_168' title='bbox 954 2224 1033 2276; x_wconf 91' lang='lat' dir='ltr'>ira</span> <span class='ocrx_word' id='word_1_169' title='bbox 1061 2225 1266 2294; x_wconf 89' lang='lat' dir='ltr'>premit.</span> 
     </span>
    </p>

    <p class='ocr_par' dir='ltr' id='par_1_20' title="bbox 131 2285 1492 2505">
     <span class='ocr_line' id='line_1_29' title="bbox 131 2285 1492 2363; baseline 0.005 -21"><span class='ocrx_word' id='word_1_170' title='bbox 131 2285 290 2354; x_wconf 83' lang='lat' dir='ltr'>adde,</span> <span class='ocrx_word' id='word_1_171' title='bbox 321 2291 463 2359; x_wconf 90' lang='lat' dir='ltr'>quod</span> <span class='ocrx_word' id='word_1_172' title='bbox 491 2291 631 2345; x_wconf 89' lang='lat' dir='ltr'>illius</span> <span class='ocrx_word' id='word_1_173' title='bbox 661 2311 783 2363; x_wconf 90' lang='lat' dir='ltr'>pars</span> <span class='ocrx_word' id='word_1_174' title='bbox 814 2294 1043 2347; x_wconf 86' lang='lat' dir='ltr'>maxima</span> <span class='ocrx_word' id='word_1_175' title='bbox 1073 2296 1195 2348; x_wconf 89' lang='lat' dir='ltr'>ficta</span> <span class='ocrx_word' id='word_1_176' title='bbox 1224 2295 1492 2349; x_wconf 86' lang='lat' dir='ltr'>laborum:</span> 
     </span>
     <span class='ocr_line' id='line_1_30' title="bbox 201 2361 1298 2432; baseline 0.005 -19"><span class='ocrx_word' id='word_1_177' title='bbox 201 2361 414 2432; x_wconf 92' lang='lat' dir='ltr'>ponitur</span> <span class='ocrx_word' id='word_1_178' title='bbox 441 2362 495 2414; x_wconf 92' lang='lat' dir='ltr'>in</span> <span class='ocrx_word' id='word_1_179' title='bbox 525 2364 714 2416; x_wconf 86' lang='lat' dir='ltr'>nostris</span> <span class='ocrx_word' id='word_1_180' title='bbox 746 2364 927 2417; x_wconf 88' lang='lat' dir='ltr'>fabula</span> <span class='ocrx_word' id='word_1_181' title='bbox 957 2366 1102 2418; x_wconf 91' lang='lat' dir='ltr'>nulla</span> <span class='ocrx_word' id='word_1_182' title='bbox 1131 2367 1298 2419; x_wconf 60' lang='lat' dir='ltr'>malis„</span> 
     </span>
     <span class='ocr_line' id='line_1_31' title="bbox 132 2430 1453 2505; baseline 0.005 -21"><span class='ocrx_word' id='word_1_183' title='bbox 132 2430 355 2502; x_wconf 88' lang='lat' dir='ltr'>denique</span> <span class='ocrx_word' id='word_1_184' title='bbox 385 2434 649 2502; x_wconf 85' lang='lat' dir='ltr'>quaesitos</span> <span class='ocrx_word' id='word_1_185' title='bbox 680 2435 852 2505; x_wconf 85' lang='lat' dir='ltr'>tetigit</span> <span class='ocrx_word' id='word_1_186' title='bbox 881 2445 1058 2490; x_wconf 90' lang='lat' dir='ltr'>tamen</span> <span class='ocrx_word' id='word_1_187' title='bbox 1088 2436 1174 2490; x_wconf 90' lang='lat' dir='ltr'>ille</span> <span class='ocrx_word' id='word_1_188' title='bbox 1205 2437 1453 2500; x_wconf 76' lang='lat' dir='ltr'>PenateS‚</span> 
     </span>
    </p>

    <p class='ocr_par' dir='ltr' id='par_1_21' title="bbox 64 2504 1403 2578">
     <span class='ocr_line' id='line_1_32' title="bbox 64 2504 1403 2578; baseline 0.003 -22"><span class='ocrx_word' id='word_1_189' title='bbox 64 2510 84 2518; x_wconf 61' lang='grc'><strong>“</strong></span> <span class='ocrx_word' id='word_1_190' title='bbox 201 2521 440 2573; x_wconf 90' lang='lat' dir='ltr'>quaeque</span> <span class='ocrx_word' id='word_1_191' title='bbox 471 2504 561 2557; x_wconf 88' lang='lat' dir='ltr'>diu</span> <span class='ocrx_word' id='word_1_192' title='bbox 591 2505 766 2575; x_wconf 78' lang='lat' dir='ltr'>petiit,</span> <span class='ocrx_word' id='word_1_193' title='bbox 798 2507 1015 2578; x_wconf 85' lang='lat' dir='ltr'>contigit</span> <span class='ocrx_word' id='word_1_194' title='bbox 1045 2527 1172 2560; x_wconf 86' lang='lat' dir='ltr'>arva</span> <span class='ocrx_word' id='word_1_195' title='bbox 1203 2519 1403 2561; x_wconf 89' lang='lat' dir='ltr'>tamen:</span> 
     </span>
    </p>

    <p class='ocr_par' dir='ltr' id='par_1_22' title="bbox 131 2573 1482 2703">
     <span class='ocr_line' id='line_1_33' title="bbox 131 2573 1482 2647; baseline 0.004 -21"><span class='ocrx_word' id='word_1_196' title='bbox 131 2581 183 2627; x_wconf 86' lang='lat' dir='ltr'>at</span> <span class='ocrx_word' id='word_1_197' title='bbox 213 2573 341 2627; x_wconf 90' lang='lat' dir='ltr'>mihi</span> <span class='ocrx_word' id='word_1_198' title='bbox 371 2594 465 2645; x_wconf 92' lang='lat' dir='ltr'>per</span> <span class='ocrx_word' id='word_1_199' title='bbox 503 2586 625 2629; x_wconf 90' lang='lat' dir='ltr'>etuo</span> <span class='ocrx_word' id='word_1_200' title='bbox 656 2577 825 2647; x_wconf 88' lang='lat' dir='ltr'>patria</span> <span class='ocrx_word' id='word_1_201' title='bbox 854 2579 1038 2632; x_wconf 90' lang='lat' dir='ltr'>tellure</span> <span class='ocrx_word' id='word_1_202' title='bbox 1071 2579 1355 2633; x_wconf 87' lang='lat' dir='ltr'>carendum</span> <span class='ocrx_word' id='word_1_203' title='bbox 1387 2589 1482 2641; x_wconf 87' lang='lat' dir='ltr'>est,</span> 
     </span>
     <span class='ocr_line' id='line_1_34' title="bbox 201 2644 1121 2703; baseline 0.007 -6"><span class='ocrx_word' id='word_1_204' title='bbox 201 2644 256 2697; x_wconf 92' lang='lat' dir='ltr'>ni</span> <span class='ocrx_word' id='word_1_205' title='bbox 285 2644 443 2699; x_wconf 88' lang='lat' dir='ltr'>fuerit</span> <span class='ocrx_word' id='word_1_206' title='bbox 491 2647 599 2700; x_wconf 89' lang='lat' dir='ltr'>aesi</span> <span class='ocrx_word' id='word_1_207' title='bbox 627 2647 833 2701; x_wconf 89' lang='lat' dir='ltr'>mollior</span> <span class='ocrx_word' id='word_1_208' title='bbox 862 2649 940 2703; x_wconf 89' lang='lat' dir='ltr'>ira</span> <span class='ocrx_word' id='word_1_209' title='bbox 970 2649 1070 2703; x_wconf 87' lang='lat' dir='ltr'>dei.</span> <span class='ocrx_word' id='word_1_210' title='bbox 1120 2681 1121 2684; x_wconf 63' lang='lat'><em>=</em></span> 
     </span>
    </p>
   </div>
   <div class='ocr_carea' id='block_1_4' title="bbox 859 2763 1029 2816">
    <p class='ocr_par' dir='ltr' id='par_1_23' title="bbox 859 2763 1029 2816">
     <span class='ocr_line' id='line_1_35' title="bbox 859 2763 1029 2816; baseline 0.012 -3"><span class='ocrx_word' id='word_1_211' title='bbox 859 2807 863 2813; x_wconf 94' lang='lat'>.</span> <span class='ocrx_word' id='word_1_212' title='bbox 931 2763 1029 2816; x_wconf 90' lang='lat' dir='ltr'>VI.</span> 
     </span>
    </p>
   </div>
   <div class='ocr_carea' id='block_1_5' title="bbox 130 2856 1591 3570">
    <p class='ocr_par' dir='ltr' id='par_1_24' title="bbox 130 2856 1591 3570">
     <span class='ocr_line' id='line_1_36' title="bbox 130 2856 1328 2931; baseline 0.004 -21"><span class='ocrx_word' id='word_1_213' title='bbox 130 2856 244 2912; x_wconf 89' lang='lat' dir='ltr'>Nec</span> <span class='ocrx_word' id='word_1_214' title='bbox 274 2867 477 2912; x_wconf 88' lang='lat' dir='ltr'>tantum</span> <span class='ocrx_word' id='word_1_215' title='bbox 510 2857 688 2913; x_wconf 86' lang='lat' dir='ltr'>Clario</span> <span class='ocrx_word' id='word_1_216' title='bbox 718 2860 874 2930; x_wconf 85' lang='lat' dir='ltr'>Lyde</span> <span class='ocrx_word' id='word_1_217' title='bbox 905 2861 1095 2914; x_wconf 88' lang='lat' dir='ltr'>delicta</span> <span class='ocrx_word' id='word_1_218' title='bbox 1123 2871 1328 2931; x_wconf 87' lang='lat' dir='ltr'>poetae,</span> 
     </span>
     <span class='ocr_line' id='line_1_37' title="bbox 202 2928 1337 2994; baseline 0.004 -13"><span class='ocrx_word' id='word_1_219' title='bbox 202 2947 300 2983; x_wconf 90' lang='lat' dir='ltr'>nec</span> <span class='ocrx_word' id='word_1_220' title='bbox 328 2938 533 2982; x_wconf 86' lang='lat' dir='ltr'>tantum</span> <span class='ocrx_word' id='word_1_221' title='bbox 565 2928 680 2983; x_wconf 88' lang='lat' dir='ltr'>Coo</span> <span class='ocrx_word' id='word_1_222' title='bbox 710 2931 880 2983; x_wconf 87' lang='lat' dir='ltr'>Battis</span> <span class='ocrx_word' id='word_1_223' title='bbox 911 2942 1084 2985; x_wconf 89' lang='lat' dir='ltr'>amata</span> <span class='ocrx_word' id='word_1_224' title='bbox 1115 2951 1210 2985; x_wconf 90' lang='lat' dir='ltr'>suo</span> <span class='ocrx_word' id='word_1_225' title='bbox 1241 2943 1337 2994; x_wconf 93' lang='lat' dir='ltr'>est,</span> 
     </span>
     <span class='ocr_line' id='line_1_38' title="bbox 130 2999 1522 3070; baseline 0.003 -18"><span class='ocrx_word' id='word_1_226' title='bbox 130 2999 429 3070; x_wconf 85' lang='lat' dir='ltr'>pectoribus</span> <span class='ocrx_word' id='word_1_227' title='bbox 460 3010 714 3069; x_wconf 87' lang='lat' dir='ltr'>quantum</span> <span class='ocrx_word' id='word_1_228' title='bbox 745 3011 804 3054; x_wconf 85' lang='lat' dir='ltr'>tu</span> <span class='ocrx_word' id='word_1_229' title='bbox 832 3003 1046 3064; x_wconf 85' lang='lat' dir='ltr'>nostris,</span> <span class='ocrx_word' id='word_1_230' title='bbox 1077 3021 1233 3065; x_wconf 87' lang='lat' dir='ltr'>uxor,</span> <span class='ocrx_word' id='word_1_231' title='bbox 1264 3002 1522 3065; x_wconf 78' lang='lat' dir='ltr'>inhaereS,</span> 
     </span>
     <span class='ocr_line' id='line_1_39' title="bbox 203 3070 1349 3140; baseline 0.003 -18"><span class='ocrx_word' id='word_1_232' title='bbox 203 3070 364 3140; x_wconf 83' lang='lat' dir='ltr'>digna</span> <span class='ocrx_word' id='word_1_233' title='bbox 392 3071 564 3124; x_wconf 89' lang='lat' dir='ltr'>minus</span> <span class='ocrx_word' id='word_1_234' title='bbox 595 3072 808 3135; x_wconf 80' lang='lat' dir='ltr'>misem,</span> <span class='ocrx_word' id='word_1_235' title='bbox 837 3091 943 3125; x_wconf 91' lang='lat' dir='ltr'>non</span> <span class='ocrx_word' id='word_1_236' title='bbox 973 3074 1190 3127; x_wconf 90' lang='lat' dir='ltr'>meliore</span> <span class='ocrx_word' id='word_1_237' title='bbox 1219 3074 1349 3126; x_wconf 86' lang='lat' dir='ltr'>viro.</span> 
     </span>
     <span class='ocr_line' id='line_1_40' title="bbox 133 3143 1474 3212; baseline 0.001 -18"><span class='ocrx_word' id='word_1_238' title='bbox 133 3149 183 3194; x_wconf 85' lang='lat' dir='ltr'>te</span> <span class='ocrx_word' id='word_1_239' title='bbox 212 3160 330 3195; x_wconf 92' lang='lat' dir='ltr'>mea</span> <span class='ocrx_word' id='word_1_240' title='bbox 359 3143 630 3212; x_wconf 88' lang='lat' dir='ltr'>supposita</span> <span class='ocrx_word' id='word_1_241' title='bbox 659 3143 821 3196; x_wconf 90' lang='lat' dir='ltr'>veluti</span> <span class='ocrx_word' id='word_1_242' title='bbox 850 3143 998 3197; x_wconf 87' lang='lat' dir='ltr'>trabe</span> <span class='ocrx_word' id='word_1_243' title='bbox 1028 3144 1162 3197; x_wconf 88' lang='lat' dir='ltr'>fulta</span> <span class='ocrx_word' id='word_1_244' title='bbox 1190 3143 1343 3197; x_wconf 87' lang='lat' dir='ltr'>ruina</span> <span class='ocrx_word' id='word_1_245' title='bbox 1373 3153 1474 3197; x_wconf 89' lang='lat' dir='ltr'>est:</span> 
     </span>
     <span class='ocr_line' id='line_1_41' title="bbox 203 3211 1591 3284; baseline 0.003 -20"><span class='ocrx_word' id='word_1_246' title='bbox 203 3212 247 3265; x_wconf 90' lang='lat' dir='ltr'>si</span> <span class='ocrx_word' id='word_1_247' title='bbox 276 3211 404 3281; x_wconf 89' lang='lat' dir='ltr'>quid</span> <span class='ocrx_word' id='word_1_248' title='bbox 433 3213 606 3267; x_wconf 90' lang='lat' dir='ltr'>adhuc</span> <span class='ocrx_word' id='word_1_249' title='bbox 637 3233 736 3284; x_wconf 82' lang='lat' dir='ltr'>ego</span> <span class='ocrx_word' id='word_1_250' title='bbox 768 3234 909 3277; x_wconf 91' lang='lat' dir='ltr'>sum,</span> <span class='ocrx_word' id='word_1_251' title='bbox 940 3216 1170 3268; x_wconf 90' lang='lat' dir='ltr'>muneris</span> <span class='ocrx_word' id='word_1_252' title='bbox 1202 3233 1356 3268; x_wconf 89' lang='lat' dir='ltr'>omne</span> <span class='ocrx_word' id='word_1_253' title='bbox 1388 3216 1465 3267; x_wconf 90' lang='lat' dir='ltr'>tui</span> <span class='ocrx_word' id='word_1_254' title='bbox 1497 3225 1591 3269; x_wconf 88' lang='lat' dir='ltr'>est.</span> 
     </span>
     <span class='ocr_line' id='line_1_42' title="bbox 134 3282 1583 3355; baseline 0.003 -20"><span class='ocrx_word' id='word_1_255' title='bbox 134 3291 192 3336; x_wconf 85' lang='lat' dir='ltr'>tu</span> <span class='ocrx_word' id='word_1_256' title='bbox 220 3282 373 3346; x_wconf 76' lang='lat' dir='ltr'>faciS,</span> <span class='ocrx_word' id='word_1_257' title='bbox 403 3293 463 3337; x_wconf 89' lang='lat' dir='ltr'>ut</span> <span class='ocrx_word' id='word_1_258' title='bbox 493 3285 719 3355; x_wconf 87' lang='lat' dir='ltr'>spolium</span> <span class='ocrx_word' id='word_1_259' title='bbox 749 3303 855 3338; x_wconf 91' lang='lat' dir='ltr'>non</span> <span class='ocrx_word' id='word_1_260' title='bbox 886 3286 1009 3349; x_wconf 90' lang='lat' dir='ltr'>sim,</span> <span class='ocrx_word' id='word_1_261' title='bbox 1039 3305 1138 3339; x_wconf 89' lang='lat' dir='ltr'>nec</span> <span class='ocrx_word' id='word_1_262' title='bbox 1166 3287 1336 3340; x_wconf 89' lang='lat' dir='ltr'>nuder</span> <span class='ocrx_word' id='word_1_263' title='bbox 1367 3287 1434 3339; x_wconf 90' lang='lat' dir='ltr'>ab</span> <span class='ocrx_word' id='word_1_264' title='bbox 1464 3287 1583 3350; x_wconf 84' lang='lat' dir='ltr'>illis,</span> 
     </span>
     <span class='ocr_line' id='line_1_43' title="bbox 203 3353 1199 3427; baseline 0.005 -22"><span class='ocrx_word' id='word_1_265' title='bbox 203 3353 464 3424; x_wconf 86' lang='lat' dir='ltr'>naufragii</span> <span class='ocrx_word' id='word_1_266' title='bbox 494 3356 701 3410; x_wconf 88' lang='lat' dir='ltr'>tabulas</span> <span class='ocrx_word' id='word_1_267' title='bbox 731 3357 823 3426; x_wconf 90' lang='lat' dir='ltr'>qui</span> <span class='ocrx_word' id='word_1_268' title='bbox 851 3357 1047 3427; x_wconf 91' lang='lat' dir='ltr'>petiere</span> <span class='ocrx_word' id='word_1_269' title='bbox 1078 3358 1199 3411; x_wconf 87' lang='lat' dir='ltr'>mei.</span> 
     </span>
     <span class='ocr_line' id='line_1_44' title="bbox 135 3427 1577 3499; baseline 0.004 -24"><span class='ocrx_word' id='word_1_270' title='bbox 135 3431 294 3492; x_wconf 89' lang='lat' dir='ltr'>utque</span> <span class='ocrx_word' id='word_1_271' title='bbox 323 3443 487 3495; x_wconf 86' lang='lat' dir='ltr'>rapax</span> <span class='ocrx_word' id='word_1_272' title='bbox 517 3427 817 3482; x_wconf 84' lang='lat' dir='ltr'>stimulante</span> <span class='ocrx_word' id='word_1_273' title='bbox 847 3429 988 3482; x_wconf 86' lang='lat' dir='ltr'>fame</span> <span class='ocrx_word' id='word_1_274' title='bbox 1019 3428 1346 3499; x_wconf 86' lang='lat' dir='ltr'>cupidusque</span> <span class='ocrx_word' id='word_1_275' title='bbox 1378 3428 1577 3483; x_wconf 89' lang='lat' dir='ltr'>cruoris</span> 
     </span>
     <span class='ocr_line' id='line_1_45' title="bbox 203 3493 1152 3570; baseline 0.005 -23"><span class='ocrx_word' id='word_1_276' title='bbox 203 3493 577 3549; x_wconf 90' lang='lat' dir='ltr'>incustoditum</span> <span class='ocrx_word' id='word_1_277' title='bbox 607 3509 783 3569; x_wconf 86' lang='lat' dir='ltr'>captat</span> <span class='ocrx_word' id='word_1_278' title='bbox 812 3500 949 3553; x_wconf 89' lang='lat' dir='ltr'>ovile</span> <span class='ocrx_word' id='word_1_279' title='bbox 978 3499 1152 3570; x_wconf 75' lang='lat' dir='ltr'>lupuS,</span> 
     </span>
    </p>
   </div>
   <div class='ocr_carea' id='block_1_6' title="bbox 1742 341 1844 395">
    <p class='ocr_par' dir='ltr' id='par_1_25' title="bbox 1742 341 1844 395">
     <span class='ocr_line' id='line_1_46' title="bbox 1742 341 1844 395; baseline 0.02 -2"><span class='ocrx_word' id='word_1_280' title='bbox 1742 341 1844 395; x_wconf 80' lang='lat'>127</span> 
     </span>
    </p>
   </div>
   <div class='ocr_carea' id='block_1_7' title="bbox 1874 614 1931 653">
    <p class='ocr_par' dir='ltr' id='par_1_26' title="bbox 1874 614 1931 653">
     <span class='ocr_line' id='line_1_47' title="bbox 1874 614 1931 653; baseline 0.035 -2"><span class='ocrx_word' id='word_1_281' title='bbox 1874 614 1931 653; x_wconf 77' lang='lat'>55</span> 
     </span>
    </p>
   </div>
   <div class='ocr_carea' id='block_1_8' title="bbox 1874 966 1936 1007">
    <p class='ocr_par' dir='ltr' id='par_1_27' title="bbox 1874 966 1936 1007">
     <span class='ocr_line' id='line_1_48' title="bbox 1874 966 1936 1007; baseline 0 0"><span class='ocrx_word' id='word_1_282' title='bbox 1874 966 1936 1007; x_wconf 81' lang='lat'>60</span> 
     </span>
    </p>
   </div>
   <div class='ocr_carea' id='block_1_9' title="bbox 1873 1322 1932 1360">
    <p class='ocr_par' dir='ltr' id='par_1_28' title="bbox 1873 1322 1932 1360">
     <span class='ocr_line' id='line_1_49' title="bbox 1873 1322 1932 1360; baseline 0 0"><span class='ocrx_word' id='word_1_283' title='bbox 1873 1322 1932 1360; x_wconf 78' lang='lat'>65</span> 
     </span>
    </p>
   </div>
   <div class='ocr_carea' id='block_1_10' title="bbox 1872 1676 1931 1715">
    <p class='ocr_par' dir='ltr' id='par_1_29' title="bbox 1872 1676 1931 1715">
     <span class='ocr_line' id='line_1_50' title="bbox 1872 1676 1931 1715; baseline 0.034 -2"><span class='ocrx_word' id='word_1_284' title='bbox 1872 1676 1931 1715; x_wconf 78' lang='lat'>70</span> 
     </span>
    </p>
   </div>
   <div class='ocr_carea' id='block_1_11' title="bbox 1870 2030 1927 2068">
    <p class='ocr_par' dir='ltr' id='par_1_30' title="bbox 1870 2030 1927 2068">
     <span class='ocr_line' id='line_1_51' title="bbox 1870 2030 1927 2068; baseline 0 0"><span class='ocrx_word' id='word_1_285' title='bbox 1870 2030 1927 2068; x_wconf 76' lang='lat'>75</span> 
     </span>
    </p>
   </div>
   <div class='ocr_carea' id='block_1_12' title="bbox 1813 2383 1927 2439">
    <p class='ocr_par' dir='ltr' id='par_1_31' title="bbox 1813 2383 1927 2439">
     <span class='ocr_line' id='line_1_52' title="bbox 1813 2383 1927 2439; baseline -0.009 -15"><span class='ocrx_word' id='word_1_286' title='bbox 1813 2383 1927 2439; x_wconf 35' lang='lat'>,80</span> 
     </span>
    </p>
   </div>
   <div class='ocr_carea' id='block_1_13' title="bbox 1873 3518 1927 3555">
    <p class='ocr_par' dir='ltr' id='par_1_32' title="bbox 1873 3518 1927 3555">
     <span class='ocr_line' id='line_1_53' title="bbox 1873 3518 1927 3555; baseline 0.019 -1"><span class='ocrx_word' id='word_1_287' title='bbox 1873 3518 1927 3555; x_wconf 86' lang='lat'>10</span> 
     </span>
    </p>
   </div>
  </div>
 </body>
</html>
