2158 3906
338 292 441 345 152
889 302 929 344 Ρ
939 335 948 344 .
983 301 1190 347 OVIDII
1220 300 1492 346 NASONIS

342 416 500 473 atque
532 425 594 458 ea
624 423 743 456 cum
775 401 912 454 foliis
945 412 997 455 et
1027 402 1221 454 amomi
1251 403 1467 471 pulvere
1499 403 1678 467 misce,

257 495 310 532 70
414 478 572 544 inque
606 473 909 526 suburbano
942 473 1152 525 condita
1181 490 1318 542 pone
1351 474 1478 525 solo.

342 564 578 615 quosque
608 545 750 624 legat
780 562 962 595 versus
994 544 1146 596 oculo
1177 553 1490 612 properante
1521 544 1707 607 viator,

412 613 745 695 grandibus
731 633 785 665 m
816 614 953 665 tituli
982 632 1242 666 marmore
1275 614 1435 667 caede
1465 614 1627 666 notis,

342 687 450 738 ‘hic
482 703 580 754 ego
613 684 703 752 qui
732 684 904 746 iaceO,
937 694 1236 737 tenerorum
1267 685 1412 737 lusor
1442 703 1702 747 amorum,

411 755 621 824 ingenio
653 755 782 836 perii
812 755 956 807 Naso
988 765 1143 825 poeta
1171 773 1306 807 meo.

258 845 308 883 75
344 838 397 879 at
427 825 546 886 tibi,
579 826 669 893 qui
700 826 915 889 transiS,
945 845 1012 879 ne
1044 827 1109 878 sit
1139 844 1326 895 grave,
1358 825 1597 893 quisquis
1629 827 1836 888 amasti,

414 897 610 949 dicere:
642 895 870 948 Nasonis
900 897 1126 949 molliter
1156 914 1276 948 ossa
1305 895 1548 948 cubentl'

340 969 440 1020 hoc
472 967 597 1019 satis
628 967 683 1018 in
714 967 865 1019 titulo
898 977 992 1020 est.
1068 967 1261 1020 etenim
1292 966 1493 1018 maiora
1522 966 1686 1019 libelli

413 1048 465 1091 et
496 1038 743 1090 diuturna
774 1038 944 1108 magis
977 1047 1100 1090 sunt
1129 1038 1452 1090 monimenta
1481 1037 1629 1100 mihi,

342 1128 472 1178 quos
505 1127 604 1178 ego
637 1109 868 1170 confidO,
901 1109 1144 1177 quamvis
1174 1126 1426 1171 nocuere,
1459 1108 1673 1161 daturos

256 1197 310 1236 80
411 1199 604 1233 nomen
635 1189 686 1232 et
717 1179 917 1232 auctori
946 1189 1184 1250 tempora
1212 1180 1374 1249 longa
1405 1197 1516 1231 suo.

344 1261 401 1303 tu
432 1261 608 1304 tamen
640 1251 872 1303 extincto
900 1250 1085 1304 feralia
1114 1269 1336 1304 munera
1367 1269 1574 1319 semper

416 1323 585 1389 deque
615 1321 718 1374 tuis
750 1322 977 1374 lacrimis
1008 1321 1189 1374 umida
1219 1329 1358 1374 serta
1387 1321 1528 1373 dato·

343 1393 585 1460 quamvis
615 1393 671 1443 in
701 1392 901 1446 cineres
934 1411 1124 1462 corpus
1156 1391 1438 1445 mutaverit
1467 1391 1623 1462 ignis,

416 1464 605 1516 sentiet
635 1463 870 1515 officium
901 1473 1102 1516 maesta
1132 1463 1314 1516 favilla
1343 1462 1507 1532 pium.

257 1552 310 1591 85
346 1535 571 1587 scribere
602 1535 757 1603 plura
785 1534 937 1586 libet:
970 1534 1063 1587 sed
1092 1552 1197 1586 vox
1227 1532 1356 1585 mihi
1386 1534 1527 1586 fessa
1556 1532 1824 1602 loquendo

416 1605 646 1658 dictandi
680 1605 816 1657 vires
848 1606 1090 1673 siccaque
1120 1605 1304 1674 lingua
1332 1613 1508 1673 negat.

344 1677 523 1745 accipe
557 1694 802 1744 supremo
836 1676 1034 1728 dictum
1063 1676 1192 1727 mihi
1223 1675 1443 1727 forsitan
1474 1693 1580 1737 ore,

415 1746 581 1813 quod,
613 1746 708 1797 tibi
740 1747 831 1814 qui
861 1746 1042 1809 mittit,
1073 1765 1180 1799 non
1210 1746 1370 1798 habet
1398 1745 1535 1814 ipse,
1568 1745 1758 1798 ‘vale'l

1144 1859 1244 1913 IV.

344 1956 395 2009 O
429 1957 557 2009 mihi
588 1976 706 2011 care
739 1957 955 2025 quidem
986 1976 1216 2027 semper,
1248 1957 1341 2010 sed
1372 1965 1607 2027 tempore
1639 1957 1775 2010 duro

416 2028 648 2097 cognite,
680 2047 763 2081 res
794 2037 1074 2097 postquam
1105 2028 1434 2097 procubuere
1463 2047 1639 2082 meae:

344 2099 526 2150 usibus
558 2099 744 2151 edocto
777 2099 821 2151 si
852 2100 1139 2168 quicquam
1170 2099 1338 2152 credis
1371 2099 1558 2162 amicO,

415 2170 533 2222 vive
564 2170 660 2221 tibi
692 2180 743 2222 et
773 2171 929 2240 longe
959 2170 1174 2222 nomina
1204 2188 1400 2239 magna
1429 2170 1574 2239 fuge.

286 2259 310 2296 5
344 2241 463 2293 vive
494 2240 612 2304 tibi,
644 2250 1007 2309 quantumque
1037 2251 1212 2310 poteS,
1242 2241 1555 2310 praelustria
1584 2241 1722 2294 vita:

418 2330 634 2364 saevum
665 2312 943 2381 praelustri
973 2312 1175 2364 fulmen
1205 2313 1272 2364 ab
1303 2312 1426 2381 igne
1457 2312 1614 2365 venit.

342 2401 466 2433 nam
497 2400 819 2449 quamquam
850 2382 947 2434 soli
977 2391 1198 2451 possunt
1227 2383 1476 2452 prodesse
1506 2392 1768 2452 potenteS,

414 2471 521 2504 non
551 2453 715 2522 prosit
745 2453 941 2522 potius,
974 2453 1017 2505 si
1048 2453 1164 2521 quis
1196 2454 1383 2506 obesse
1413 2463 1602 2523 potest.

346 2523 533 2593 effugit
562 2523 807 2576 hibernas
839 2523 1065 2576 demissa
1095 2533 1341 2576 antemna
1370 2525 1644 2593 procellaS,

260 2611 313 2651 10
414 2595 625 2662 lataque
655 2594 774 2663 plus
804 2595 980 2663 parvis
1011 2595 1130 2647 vela
1159 2594 1359 2647 timoris
1389 2595 1602 2647 habent.

345 2664 557 2734 aspicis,
589 2674 648 2717 ut
678 2684 884 2717 summa
914 2674 1092 2718 cortex
1120 2665 1251 2717 levis
1282 2665 1484 2718 innatet
1513 2666 1672 2728 unda,

417 2754 538 2787 cum
566 2754 729 2805 grave
759 2755 897 2789 nexa
927 2736 1082 2788 simul
1112 2736 1244 2788 retia
1273 2747 1480 2818 merga-t
1512 2737 1674 2788 onus?

346 2805 477 2858 haec
509 2824 608 2876 ego
640 2806 684 2859 si
713 2807 940 2859 monitor
969 2806 1197 2859 monitus
1228 2807 1372 2877 prius
1403 2808 1516 2876 ipse
1547 2807 1784 2870 fuissem,

417 2878 470 2928 in
503 2895 608 2946 qua
639 2877 898 2930 debebam
928 2878 1146 2930 forsitan
1177 2879 1309 2931 urbe
1338 2878 1523 2931 forem.

261 2965 312 3005 15
348 2948 475 3000 dum
504 2958 681 3001 tecum
710 2948 842 3011 vixi,
874 2949 1001 3000 dum
1031 2968 1115 3002 me
1146 2949 1275 3002 levis
1307 2965 1435 3001 aura
1465 2949 1685 3010 ferebat,

415 3019 546 3072 haec
575 3039 695 3072 mea
723 3039 818 3089 per
847 3019 1080 3089 placidas
1111 3020 1304 3072 cumba
1334 3020 1563 3073 cucurrit
1592 3038 1772 3087 aquas.

345 3091 436 3156 qui
468 3090 608 3143 cadit
636 3090 690 3142 in
721 3091 902 3160 plan0,
933 3121 1004 3127 --
1033 3091 1122 3142 vix
1152 3091 1252 3143 hoc
1282 3099 1459 3143 tamen
1490 3090 1665 3144 evenit
1694 3091 1869 3159 ipsum
1896 3118 1970 3131 —·

416 3161 490 3212 sic
522 3161 683 3221 cadit,
714 3169 774 3213 ut
804 3170 944 3213 tacta
975 3180 1190 3230 surgere
1221 3161 1387 3230 possit
1416 3160 1602 3213 humo:

345 3241 398 3282 at
428 3231 585 3283 miser
615 3231 850 3300 Elpenor
878 3240 1015 3283 tecto
1046 3232 1291 3300 delapsus
1323 3231 1391 3283 ab
1422 3232 1526 3283 alto

259 3318 313 3358 20
416 3301 637 3353 occurrit
669 3302 782 3370 regi
812 3301 996 3353 debilis
1027 3302 1215 3353 umbra
1246 3320 1358 3354 suc.

346 3372 473 3441 quid
503 3372 628 3434 fuit,
659 3381 718 3423 ut
747 3381 886 3423 tutas
918 3371 1141 3440 agitaret
1170 3371 1443 3424 Daedalus
1475 3372 1601 3436 alaS,

413 3444 596 3495 Icarus
625 3442 887 3495 inmensas
917 3442 1126 3495 nomine
1158 3443 1329 3512 signet
1359 3444 1556 3511 aquas?
