2158 3906
402 294 470 346 18
954 301 1008 344 Ρ.
1041 299 1248 345 OVIDII
1277 296 1549 344 NASONIS

970 481 1163 526 LIBER
1193 480 1540 528 SECUNDUS.

404 618 567 669 Ianus
597 614 754 678 habet
785 613 960 666 finem.
1036 631 1158 665 cum
1188 612 1418 665 carmine
1449 611 1635 664 crescit
1664 618 1717 664 et
1747 628 1945 664 annus:

480 688 610 739 alter
625 693 686 736 ut
701 685 826 737 hinc
842 683 1059 744 mensiS‚
1093 683 1167 735 sic
1196 683 1328 736 liber
1359 683 1490 735 alter
1519 692 1620 735 eat.
1805 685 1814 693 ’

406 775 547 810 nunc
577 756 807 825 primum
835 755 989 816 velis,
1020 754 1181 823 elegi,
1212 752 1502 805 maioribus
1531 753 1641 805 itis:

479 826 755 896 exiguum,
785 824 1023 886 memini,
1055 844 1224 893 nuper
1254 823 1411 876 eratis
1442 841 1592 892 opus.

350 918 376 955 5
406 899 519 968 ipse
550 915 650 966 ego
681 915 776 949 vos
806 895 969 948 habui
999 895 1179 947 faciles
1208 894 1264 946 in
1294 912 1473 947 amore
1503 893 1785 956 ministrOS,

480 987 601 1021 cum
630 966 756 1019 lusit
785 965 1017 1019 numeris
1046 966 1216 1035 prima
1244 965 1462 1018 iuventa
1492 964 1617 1016 suis.

406 1039 548 1092 idem
579 1056 728 1091 sacra
758 1055 890 1090 cano
922 1037 1233 1106 signataque
1263 1045 1503 1105 tempora
1532 1033 1708 1086 fastis:

480 1109 658 1178 ecquis
689 1109 758 1161 ad
786 1108 918 1161 haec
946 1107 1091 1160 illinc
1121 1106 1357 1160 crederet
1386 1125 1502 1160 esse
1533 1105 1705 1158 viam?

407 1181 540 1234 haec
570 1199 689 1233 mea
718 1179 904 1231 militia
933 1187 1034 1232 est:
1066 1177 1308 1240 ferimus,
1340 1196 1477 1246 quae
1506 1194 1812 1246 possumUS,
1845 1192 2014 1239 arma,

326 1269 380 1308 10
481 1252 771 1319 dextraque
800 1268 907 1303 non
938 1249 1080 1302 omni
1110 1268 1328 1301 munere
1357 1256 1540 1300 nostra
1569 1256 1739 1300 vacat.

411 1322 455 1376 si
485 1322 613 1375 mihi
642 1339 749 1374 non
778 1321 954 1373 valido
984 1329 1296 1388 torquentur
1324 1319 1433 1388 pila
1461 1318 1675 1381 lacert0,

480 1412 579 1447 nec
608 1392 873 1446 bellatoris
903 1401 1053 1461 terga
1082 1399 1392 1460 premuntur
1422 1389 1562 1457 equi,

409 1483 509 1518 nec
538 1464 693 1534 galea
720 1463 949 1533 tegimur
976 1480 1075 1515 nec
1106 1470 1260 1514 acuto
1292 1460 1553 1530 cingimur
1583 1478 1725 1522 ense,
1754 1489 1828 1497 —

480 1535 562 1587 his
592 1534 781 1586 habilis
812 1534 927 1586 telis
958 1532 1181 1601 quilibet
1210 1551 1324 1585 esse
1354 1540 1528 1601 potest
1556 1561 1629 1568 —-

328 1622 380 1661 15
412 1615 466 1659 at
495 1615 588 1659 tua
616 1605 982 1674 prosequimur
1011 1603 1245 1656 studioso
1276 1611 1513 1671 pectore,
1547 1599 1764 1663 Caesar,

482 1676 719 1739 nomina,
748 1695 843 1745 per
872 1675 1050 1727 titulos
1079 1673 1511 1742 ingredimurque
1541 1680 1676 1724 tuos.

413 1767 539 1817 ergo
571 1747 696 1800 ades
727 1756 777 1799 et
806 1745 1014 1816 placido
1043 1745 1262 1814 paulum
1292 1763 1411 1797 mea
1439 1761 1660 1795 munera
1690 1741 1837 1794 voltu

483 1818 710 1887 respice,
741 1816 979 1886 pacando
1011 1816 1054 1868 si
1083 1814 1210 1883 quid
1240 1814 1308 1866 ab
1338 1814 1488 1867 hoste
1518 1831 1691 1865 vacas.

414 1959 675 2013 ‘Februa'
706 1957 934 2011 Romani
964 1957 1142 2010 dixere
1172 1955 1406 2026 piamina
1434 1964 1629 2025 patres·

330 2048 384 2087 20
484 2048 626 2082 nunc
657 2047 867 2097 quoque
897 2029 1025 2080 dant
1054 2027 1216 2080 verbo
1246 2026 1474 2097 plurima
1504 2026 1656 2095 signa
1683 2025 1863 2079 fidem.

412 2101 687 2172 pontifices
717 2099 784 2152 ab
814 2118 939 2169 rege
968 2107 1155 2169 petunt
1185 2107 1238 2151 et
1265 2097 1477 2150 flamine
1506 2097 1671 2159 lanaS,

485 2172 603 2240 quis
635 2179 873 2223 veterum
901 2170 1085 2240 lingua
1115 2168 1350 2222 ‘februa’
1381 2186 1576 2221 nomen
1606 2175 1734 2220 erat.

414 2260 658 2312 quaeque
689 2241 828 2310 capit
855 2241 1008 2293 lictor
1037 2240 1282 2292 domibus
1311 2238 1627 2309 purgamina
1657 2238 1829 2301 certis,

485 2313 683 2366 torrida
713 2331 832 2364 cum
863 2311 1001 2364 mica
1029 2310 1194 2373 farra,
1225 2318 1482 2362 vocantur
1509 2308 1669 2361 idem.

330 2400 383 2439 25
414 2403 608 2437 nomen
636 2383 778 2435 idem
808 2401 980 2444 ramo,
1013 2382 1105 2448 qui
1135 2396 1319 2433 caesus
1351 2381 1418 2432 ab
1449 2380 1635 2432 arbore
1665 2398 1800 2448 pura

489 2464 633 2507 casta
663 2453 996 2505 sacerdotum
1025 2463 1265 2521 tempora
1293 2451 1479 2503 fronde
1510 2451 1656 2520 tegit.

415 2526 527 2596 ipse
558 2543 658 2594 ego
688 2523 1004 2576 flaminicam
1034 2531 1340 2592 poscentem
1370 2521 1604 2574 ‘februa’
1636 2520 1770 2573 vidi:

486 2595 675 2648 februa
703 2593 942 2664 poscenti
970 2593 1128 2663 pinea
1156 2594 1308 2662 virga
1337 2592 1462 2645 data
1492 2601 1587 2645 est.

417 2666 644 2734 denique
675 2665 1048 2734 quodcumque
1079 2673 1180 2726 est,
1211 2681 1317 2732 quo
1349 2681 1570 2733 corpora
1598 2671 1778 2715 nostra
1807 2662 2039 2732 piantur,
2079 2691 2084 2699 ·

332 2755 387 2794 30
489 2737 590 2789 hoc
621 2736 763 2806 apud
792 2736 1026 2788 intonsos
1055 2753 1250 2787 nomen
1278 2734 1512 2787 habebat
1541 2752 1686 2786 avos.

416 2808 611 2862 mensis
644 2808 711 2859 ab
741 2806 822 2859 his
853 2806 1048 2867 dictus,
1080 2815 1223 2859 secta
1252 2805 1378 2874 quia
1406 2805 1542 2875 pelle
1572 2804 1810 2874 Luperci

488 2897 641 2932 omne
671 2878 843 2931 solum
870 2878 1094 2930 lustrant
1123 2876 1283 2945 idque
1312 2877 1523 2946 piamen
1553 2874 1773 2928 habent:

418 2959 508 3003 aut
539 2949 664 3019 quia
692 2948 912 3019 placatis
943 2956 1066 3001 sunt
1094 2956 1334 3017 tempora
1362 2966 1497 3017 pura
1526 2946 1795 3016 sepulcris,

490 3031 616 3073 tunc
646 3038 767 3072 cum
796 3019 987 3073 ferales
1016 3018 1332 3089 praeteriere
1363 3018 1491 3070 dies·

334 3109 387 3149 35
420 3110 575 3145 omne
604 3091 754 3144 nefas
785 3108 1100 3158 omnemque
1130 3088 1255 3142 mali
1284 3087 1600 3158 purgamina
1629 3106 1843 3139 causam

491 3162 775 3215 credebant
804 3160 970 3214 nostri
998 3160 1181 3213 tollere
1211 3177 1366 3228 posse
1395 3177 1564 3212 senes.

422 3232 650 3287 Graecia
678 3231 994 3301 principium
1023 3230 1183 3282 moris
1215 3229 1379 3292 dedit3
1409 3229 1500 3281 illa
1528 3227 1764 3281 nocentis

490 3303 654 3372 impia
682 3304 929 3360 lustratos
958 3319 1154 3370 ponere
1183 3299 1326 3352 facta
1354 3308 1522 3369 putat.

419 3373 711 3428 Actoriden
740 3373 960 3434 Peleus,
990 3371 1165 3440 ipsum
1196 3388 1407 3438 quoque
1435 3369 1601 3423 Pelea
1628 3368 1799 3422 Phoci

334 3463 391 3502 40
493 3445 653 3498 caede
683 3462 778 3514 per
807 3441 1131 3496 Haemonias
1161 3440 1317 3494 solvit
1346 3441 1577 3494 Acastus
1609 3457 1792 3508 aquas.
