<?xml version="1.0" encoding="UTF-8"?>
<!DOCTYPE html PUBLIC "-//W3C//DTD XHTML 1.0 Transitional//EN"
    "http://www.w3.org/TR/xhtml1/DTD/xhtml1-transitional.dtd">
<html xmlns="http://www.w3.org/1999/xhtml" xml:lang="en" lang="en">
 <head>
  <title>
</title>
<meta http-equiv="Content-Type" content="text/html;charset=utf-8" />
  <meta name='ocr-system' content='tesseract 3.04.00' />
  <meta name='ocr-capabilities' content='ocr_page ocr_carea ocr_par ocr_line ocrx_word'/>
</head>
<body>
  <div class='ocr_page' id='page_1' title='image "./carminaov03oviduoft_0286.png"; bbox 0 0 2158 3906; ppageno 0'>
   <div class='ocr_carea' id='block_1_1' title="bbox 260 609 312 648">
    <p class='ocr_par' dir='ltr' id='par_1_1' title="bbox 260 609 312 648">
     <span class='ocr_line' id='line_1_1' title="bbox 260 609 312 648; baseline 0.019 -1"><span class='ocrx_word' id='word_1_1' title='bbox 260 609 312 648; x_wconf 87' lang='lat'>35</span> 
     </span>
    </p>
   </div>
   <div class='ocr_carea' id='block_1_2' title="bbox 259 962 315 999">
    <p class='ocr_par' dir='ltr' id='par_1_2' title="bbox 259 962 315 999">
     <span class='ocr_line' id='line_1_2' title="bbox 259 962 315 999; baseline 0 0"><span class='ocrx_word' id='word_1_2' title='bbox 259 962 315 999; x_wconf 86' lang='lat'>40</span> 
     </span>
    </p>
   </div>
   <div class='ocr_carea' id='block_1_3' title="bbox 259 1313 313 1351">
    <p class='ocr_par' dir='ltr' id='par_1_3' title="bbox 259 1313 313 1351">
     <span class='ocr_line' id='line_1_3' title="bbox 259 1313 313 1351; baseline 0 0"><span class='ocrx_word' id='word_1_3' title='bbox 259 1313 313 1351; x_wconf 88' lang='lat'>45</span> 
     </span>
    </p>
   </div>
   <div class='ocr_carea' id='block_1_4' title="bbox 259 1667 315 1706">
    <p class='ocr_par' dir='ltr' id='par_1_4' title="bbox 259 1667 315 1706">
     <span class='ocr_line' id='line_1_4' title="bbox 259 1667 315 1706; baseline 0 0"><span class='ocrx_word' id='word_1_4' title='bbox 259 1667 315 1706; x_wconf 85' lang='lat'>50</span> 
     </span>
    </p>
   </div>
   <div class='ocr_carea' id='block_1_5' title="bbox 261 2020 314 2059">
    <p class='ocr_par' dir='ltr' id='par_1_5' title="bbox 261 2020 314 2059">
     <span class='ocr_line' id='line_1_5' title="bbox 261 2020 314 2059; baseline -0.019 0"><span class='ocrx_word' id='word_1_5' title='bbox 261 2020 314 2059; x_wconf 85' lang='lat'>55</span> 
     </span>
    </p>
   </div>
   <div class='ocr_carea' id='block_1_6' title="bbox 260 2374 314 2413">
    <p class='ocr_par' dir='ltr' id='par_1_6' title="bbox 260 2374 314 2413">
     <span class='ocr_line' id='line_1_6' title="bbox 260 2374 314 2413; baseline 0.019 -1"><span class='ocrx_word' id='word_1_6' title='bbox 260 2374 314 2413; x_wconf 87' lang='lat'>60</span> 
     </span>
    </p>
   </div>
   <div class='ocr_carea' id='block_1_7' title="bbox 261 2728 313 2767">
    <p class='ocr_par' dir='ltr' id='par_1_7' title="bbox 261 2728 313 2767">
     <span class='ocr_line' id='line_1_7' title="bbox 261 2728 313 2767; baseline 0 0"><span class='ocrx_word' id='word_1_7' title='bbox 261 2728 313 2767; x_wconf 88' lang='lat'>65</span> 
     </span>
    </p>
   </div>
   <div class='ocr_carea' id='block_1_8' title="bbox 190 3083 313 3121">
    <p class='ocr_par' dir='ltr' id='par_1_8' title="bbox 190 3083 313 3121">
     <span class='ocr_line' id='line_1_8' title="bbox 190 3083 313 3121; baseline 0 0"><span class='ocrx_word' id='word_1_8' title='bbox 190 3083 313 3121; x_wconf 74' lang='lat'>‘70</span> 
     </span>
    </p>
   </div>
   <div class='ocr_carea' id='block_1_9' title="bbox 260 3434 311 3473">
    <p class='ocr_par' dir='ltr' id='par_1_9' title="bbox 260 3434 311 3473">
     <span class='ocr_line' id='line_1_9' title="bbox 260 3434 311 3473; baseline 0 0"><span class='ocrx_word' id='word_1_9' title='bbox 260 3434 311 3473; x_wconf 81' lang='lat'>75</span> 
     </span>
    </p>
   </div>
   <div class='ocr_carea' id='block_1_10' title="bbox 339 327 1493 391">
    <p class='ocr_par' dir='ltr' id='par_1_10' title="bbox 339 327 1493 391">
     <span class='ocr_line' id='line_1_10' title="bbox 339 327 1493 391; baseline 0 0"><span class='ocrx_word' id='word_1_10' title='bbox 339 327 443 391; x_wconf 79' lang='grc'>248</span> <span class='ocrx_word' id='word_1_11' title='bbox 896 344 951 387; x_wconf 90' lang='lat' dir='ltr'>P.</span> <span class='ocrx_word' id='word_1_12' title='bbox 985 344 1192 390; x_wconf 87' lang='lat' dir='ltr'>ov1D11</span> <span class='ocrx_word' id='word_1_13' title='bbox 1221 344 1493 391; x_wconf 79' lang='lat' dir='ltr'>NASONIS</span> 
     </span>
    </p>
   </div>
   <div class='ocr_carea' id='block_1_11' title="bbox 342 445 2013 3558">
    <p class='ocr_par' dir='ltr' id='par_1_11' title="bbox 346 445 1705 585">
     <span class='ocr_line' id='line_1_11' title="bbox 346 445 1705 517; baseline -0.001 -14"><span class='ocrx_word' id='word_1_14' title='bbox 346 449 546 503; x_wconf 86' lang='lat' dir='ltr'>Caesar</span> <span class='ocrx_word' id='word_1_15' title='bbox 575 457 634 500; x_wconf 91' lang='lat' dir='ltr'>ut</span> <span class='ocrx_word' id='word_1_16' title='bbox 663 446 871 516; x_wconf 89' lang='lat' dir='ltr'>imperii</span> <span class='ocrx_word' id='word_1_17' title='bbox 898 446 1200 499; x_wconf 83' lang='lat' dir='ltr'>moderetur</span> <span class='ocrx_word' id='word_1_18' title='bbox 1228 445 1379 499; x_wconf 90' lang='lat' dir='ltr'>frena</span> <span class='ocrx_word' id='word_1_19' title='bbox 1408 465 1705 517; x_wconf 84' lang='lat' dir='ltr'>precamur,</span> 
     </span>
     <span class='ocr_line' id='line_1_12' title="bbox 416 516 1639 585; baseline 0 -14"><span class='ocrx_word' id='word_1_20' title='bbox 416 530 524 571; x_wconf 86' lang='lat' dir='ltr'>tam</span> <span class='ocrx_word' id='word_1_21' title='bbox 553 519 688 570; x_wconf 88' lang='lat' dir='ltr'>bene</span> <span class='ocrx_word' id='word_1_22' title='bbox 719 516 862 585; x_wconf 89' lang='lat' dir='ltr'>quod</span> <span class='ocrx_word' id='word_1_23' title='bbox 893 516 1095 585; x_wconf 82' lang='lat' dir='ltr'>patriae</span> <span class='ocrx_word' id='word_1_24' title='bbox 1126 517 1350 569; x_wconf 91' lang='lat' dir='ltr'>consulit</span> <span class='ocrx_word' id='word_1_25' title='bbox 1377 518 1465 571; x_wconf 92' lang='lat' dir='ltr'>ille</span> <span class='ocrx_word' id='word_1_26' title='bbox 1497 537 1639 572; x_wconf 84' lang='lat' dir='ltr'>suae.</span> 
     </span>
    </p>

    <p class='ocr_par' dir='ltr' id='par_1_12' title="bbox 346 587 1621 727">
     <span class='ocr_line' id='line_1_13' title="bbox 346 587 1621 669; baseline 0 -27"><span class='ocrx_word' id='word_1_27' title='bbox 346 591 540 643; x_wconf 85' lang='lat' dir='ltr'>utilitas</span> <span class='ocrx_word' id='word_1_28' title='bbox 571 588 732 657; x_wconf 85' lang='lat' dir='ltr'>igitur</span> <span class='ocrx_word' id='word_1_29' title='bbox 760 605 982 669; x_wconf 84' lang='lat' dir='ltr'>magnos</span> <span class='ocrx_word' id='word_1_30' title='bbox 1013 587 1358 656; x_wconf 84' lang='lat' dir='ltr'>hominesque</span> <span class='ocrx_word' id='word_1_31' title='bbox 1389 589 1621 658; x_wconf 88' lang='lat' dir='ltr'>deosque</span> 
     </span>
     <span class='ocr_line' id='line_1_14' title="bbox 417 631 1480 727; baseline -0.001 -14"><span class='ocrx_word' id='word_1_32' title='bbox 417 658 601 720; x_wconf 87' lang='lat' dir='ltr'>efficit,</span> <span class='ocrx_word' id='word_1_33' title='bbox 590 631 840 710; x_wconf 54' lang='lat' dir='ltr'>”auxiliis</span> <span class='ocrx_word' id='word_1_34' title='bbox 872 676 1083 727; x_wconf 92' lang='lat' dir='ltr'>quoque</span> <span class='ocrx_word' id='word_1_35' title='bbox 1113 658 1325 712; x_wconf 88' lang='lat' dir='ltr'>favente</span> <span class='ocrx_word' id='word_1_36' title='bbox 1356 660 1480 712; x_wconf 89' lang='lat' dir='ltr'>suis.</span> 
     </span>
    </p>

    <p class='ocr_par' dir='ltr' id='par_1_13' title="bbox 345 728 1812 815">
     <span class='ocr_line' id='line_1_15' title="bbox 345 728 1812 815; baseline 0.001 -32"><span class='ocrx_word' id='word_1_37' title='bbox 345 741 403 783; x_wconf 84' lang='lat' dir='ltr'>tu</span> <span class='ocrx_word' id='word_1_38' title='bbox 434 747 646 797; x_wconf 92' lang='lat' dir='ltr'>quoque</span> <span class='ocrx_word' id='word_1_39' title='bbox 676 728 762 781; x_wconf 89' lang='lat' dir='ltr'>fac</span> <span class='ocrx_word' id='word_1_40' title='bbox 791 728 1019 811; x_wconf 64' lang='lat' dir='ltr'>profugo</span> <span class='ocrx_word' id='word_1_41' title='bbox 1050 729 1252 799; x_wconf 81' lang='lat' dir='ltr'>prosint</span> <span class='ocrx_word' id='word_1_42' title='bbox 1281 739 1373 783; x_wconf 89' lang='lat' dir='ltr'>tua</span> <span class='ocrx_word' id='word_1_43' title='bbox 1403 739 1575 784; x_wconf 87' lang='lat' dir='ltr'>castra</span> <span class='ocrx_word' id='word_1_44' title='bbox 1592 730 1812 815; x_wconf 87' lang='lat' dir='ltr'>iacenti,</span> 
     </span>
    </p>

    <p class='ocr_par' dir='ltr' id='par_1_14' title="bbox 415 798 1529 870">
     <span class='ocr_line' id='line_1_16' title="bbox 415 798 1529 870; baseline 0.002 -18.124"><span class='ocrx_word' id='word_1_45' title='bbox 415 798 641 869; x_wconf 87' lang='lat' dir='ltr'>oCoty‚</span> <span class='ocrx_word' id='word_1_46' title='bbox 673 800 952 869; x_wconf 81' lang='lat' dir='ltr'>progenies</span> <span class='ocrx_word' id='word_1_47' title='bbox 984 800 1145 870; x_wconf 82' lang='lat' dir='ltr'>digna</span> <span class='ocrx_word' id='word_1_48' title='bbox 1174 810 1391 869; x_wconf 89' lang='lat' dir='ltr'>parente</span> <span class='ocrx_word' id='word_1_49' title='bbox 1422 811 1529 854; x_wconf 91' lang='lat' dir='ltr'>tuo.</span> 
     </span>
    </p>

    <p class='ocr_par' dir='ltr' id='par_1_15' title="bbox 347 870 1828 1010">
     <span class='ocr_line' id='line_1_17' title="bbox 347 870 1828 944; baseline 0.002 -20"><span class='ocrx_word' id='word_1_50' title='bbox 347 870 663 924; x_wconf 89' lang='lat' dir='ltr'>conveniens</span> <span class='ocrx_word' id='word_1_51' title='bbox 692 870 893 922; x_wconf 92' lang='lat' dir='ltr'>homini</span> <span class='ocrx_word' id='word_1_52' title='bbox 923 880 1001 924; x_wconf 92' lang='lat' dir='ltr'>est</span> <span class='ocrx_word' id='word_1_53' title='bbox 1030 871 1298 924; x_wconf 90' lang='lat' dir='ltr'>hominem</span> <span class='ocrx_word' id='word_1_54' title='bbox 1329 890 1537 926; x_wconf 90' lang='lat' dir='ltr'>servare</span> <span class='ocrx_word' id='word_1_55' title='bbox 1568 873 1828 944; x_wconf 86' lang='lat' dir='ltr'>voluptas,</span> 
     </span>
     <span class='ocr_line' id='line_1_18' title="bbox 418 941 1497 1010; baseline 0 -15"><span class='ocrx_word' id='word_1_56' title='bbox 418 951 470 995; x_wconf 94' lang='lat' dir='ltr'>et</span> <span class='ocrx_word' id='word_1_57' title='bbox 498 941 685 994; x_wconf 90' lang='lat' dir='ltr'>melius</span> <span class='ocrx_word' id='word_1_58' title='bbox 715 941 861 994; x_wconf 89' lang='lat' dir='ltr'>nulla</span> <span class='ocrx_word' id='word_1_59' title='bbox 891 942 1160 1010; x_wconf 89' lang='lat' dir='ltr'>quaeritur</span> <span class='ocrx_word' id='word_1_60' title='bbox 1191 951 1300 995; x_wconf 87' lang='lat' dir='ltr'>arte</span> <span class='ocrx_word' id='word_1_61' title='bbox 1331 942 1497 995; x_wconf 89' lang='lat' dir='ltr'>favor.</span> 
     </span>
    </p>

    <p class='ocr_par' dir='ltr' id='par_1_16' title="bbox 346 1011 1922 1153">
     <span class='ocr_line' id='line_1_19' title="bbox 346 1011 1922 1084; baseline 0.003 -19"><span class='ocrx_word' id='word_1_62' title='bbox 346 1014 463 1081; x_wconf 91' lang='lat' dir='ltr'>quis</span> <span class='ocrx_word' id='word_1_63' title='bbox 493 1028 600 1064; x_wconf 91' lang='lat' dir='ltr'>non</span> <span class='ocrx_word' id='word_1_64' title='bbox 630 1011 961 1082; x_wconf 85' lang='lat' dir='ltr'>Antiphaten</span> <span class='ocrx_word' id='word_1_65' title='bbox 990 1012 1360 1082; x_wconf 80' lang='lat' dir='ltr'>Laestrygona</span> <span class='ocrx_word' id='word_1_66' title='bbox 1390 1013 1646 1068; x_wconf 82' lang='lat' dir='ltr'>devovet?</span> <span class='ocrx_word' id='word_1_67' title='bbox 1679 1026 1768 1068; x_wconf 88' lang='lat' dir='ltr'>aut</span> <span class='ocrx_word' id='word_1_68' title='bbox 1800 1016 1922 1084; x_wconf 78' lang='lat' dir='ltr'>quis</span> 
     </span>
     <span class='ocr_line' id='line_1_20' title="bbox 418 1083 1420 1153; baseline 0.001 -18"><span class='ocrx_word' id='word_1_69' title='bbox 418 1083 652 1136; x_wconf 90' lang='lat' dir='ltr'>munifici</span> <span class='ocrx_word' id='word_1_70' title='bbox 681 1101 852 1136; x_wconf 91' lang='lat' dir='ltr'>mores</span> <span class='ocrx_word' id='word_1_71' title='bbox 882 1083 1147 1153; x_wconf 90' lang='lat' dir='ltr'>improbat</span> <span class='ocrx_word' id='word_1_72' title='bbox 1176 1084 1420 1137; x_wconf 83' lang='lat' dir='ltr'>Alcinoi?</span> 
     </span>
    </p>

    <p class='ocr_par' dir='ltr' id='par_1_17' title="bbox 344 1152 1824 1294">
     <span class='ocr_line' id='line_1_21' title="bbox 344 1152 1824 1224; baseline 0.002 -17"><span class='ocrx_word' id='word_1_73' title='bbox 344 1173 451 1207; x_wconf 91' lang='lat' dir='ltr'>non</span> <span class='ocrx_word' id='word_1_74' title='bbox 482 1154 578 1206; x_wconf 89' lang='lat' dir='ltr'>tibi</span> <span class='ocrx_word' id='word_1_75' title='bbox 610 1152 945 1207; x_wconf 89' lang='lat' dir='ltr'>Casandreus</span> <span class='ocrx_word' id='word_1_76' title='bbox 976 1164 1127 1224; x_wconf 90' lang='lat' dir='ltr'>pater</span> <span class='ocrx_word' id='word_1_77' title='bbox 1157 1163 1236 1207; x_wconf 87' lang='lat' dir='ltr'>est</span> <span class='ocrx_word' id='word_1_78' title='bbox 1265 1155 1505 1224; x_wconf 86' lang='lat' dir='ltr'>gentisve</span> <span class='ocrx_word' id='word_1_79' title='bbox 1534 1155 1824 1220; x_wconf 84' lang='lat' dir='ltr'>Pheraeae,</span> 
     </span>
     <span class='ocr_line' id='line_1_22' title="bbox 417 1225 1436 1294; baseline 0.002 -17"><span class='ocrx_word' id='word_1_80' title='bbox 417 1225 574 1294; x_wconf 91' lang='lat' dir='ltr'>quive</span> <span class='ocrx_word' id='word_1_81' title='bbox 605 1234 926 1294; x_wconf 76' lang='lat' dir='ltr'>repeitorem</span> <span class='ocrx_word' id='word_1_82' title='bbox 957 1225 1145 1278; x_wconf 90' lang='lat' dir='ltr'>torruit</span> <span class='ocrx_word' id='word_1_83' title='bbox 1175 1234 1286 1278; x_wconf 91' lang='lat' dir='ltr'>arte</span> <span class='ocrx_word' id='word_1_84' title='bbox 1317 1245 1436 1279; x_wconf 87' lang='lat' dir='ltr'>sua:</span> 
     </span>
    </p>

    <p class='ocr_par' dir='ltr' id='par_1_18' title="bbox 348 1296 1711 1436">
     <span class='ocr_line' id='line_1_23' title="bbox 348 1296 1711 1363; baseline 0.001 -13"><span class='ocrx_word' id='word_1_85' title='bbox 348 1297 439 1350; x_wconf 85' lang='lat' dir='ltr'>sed</span> <span class='ocrx_word' id='word_1_86' title='bbox 470 1314 629 1363; x_wconf 91' lang='lat' dir='ltr'>quam</span> <span class='ocrx_word' id='word_1_87' title='bbox 658 1296 836 1349; x_wconf 85' lang='lat' dir='ltr'>Marte</span> <span class='ocrx_word' id='word_1_88' title='bbox 866 1296 1016 1349; x_wconf 86' lang='lat' dir='ltr'>ferox</span> <span class='ocrx_word' id='word_1_89' title='bbox 1047 1306 1099 1349; x_wconf 95' lang='lat' dir='ltr'>et</span> <span class='ocrx_word' id='word_1_90' title='bbox 1128 1296 1268 1349; x_wconf 92' lang='lat' dir='ltr'>vinci</span> <span class='ocrx_word' id='word_1_91' title='bbox 1298 1297 1506 1350; x_wconf 90' lang='lat' dir='ltr'>nescius</span> <span class='ocrx_word' id='word_1_92' title='bbox 1538 1299 1711 1359; x_wconf 91' lang='lat' dir='ltr'>armis,</span> 
     </span>
     <span class='ocr_line' id='line_1_24' title="bbox 416 1367 1687 1436; baseline 0.002 -18"><span class='ocrx_word' id='word_1_93' title='bbox 416 1377 523 1419; x_wconf 92' lang='lat' dir='ltr'>tam</span> <span class='ocrx_word' id='word_1_94' title='bbox 555 1385 868 1435; x_wconf 87' lang='lat' dir='ltr'>numquam,</span> <span class='ocrx_word' id='word_1_95' title='bbox 901 1367 1042 1420; x_wconf 87' lang='lat' dir='ltr'>facta</span> <span class='ocrx_word' id='word_1_96' title='bbox 1071 1385 1226 1436; x_wconf 89' lang='lat' dir='ltr'>pace,</span> <span class='ocrx_word' id='word_1_97' title='bbox 1259 1368 1457 1421; x_wconf 90' lang='lat' dir='ltr'>cruoris</span> <span class='ocrx_word' id='word_1_98' title='bbox 1489 1388 1687 1421; x_wconf 86' lang='lat' dir='ltr'>amans.</span> 
     </span>
    </p>

    <p class='ocr_par' dir='ltr' id='par_1_19' title="bbox 347 1438 1661 1562">
     <span class='ocr_line' id='line_1_25' title="bbox 347 1438 1661 1507; baseline 0.002 -18"><span class='ocrx_word' id='word_1_99' title='bbox 347 1438 505 1500; x_wconf 87' lang='lat' dir='ltr'>adde,</span> <span class='ocrx_word' id='word_1_100' title='bbox 536 1438 679 1505; x_wconf 88' lang='lat' dir='ltr'>quod</span> <span class='ocrx_word' id='word_1_101' title='bbox 707 1438 965 1507; x_wconf 84' lang='lat' dir='ltr'>ingenuas</span> <span class='ocrx_word' id='word_1_102' title='bbox 998 1438 1242 1491; x_wconf 78' lang='lat' dir='ltr'>didicisse</span> <span class='ocrx_word' id='word_1_103' title='bbox 1271 1438 1496 1492; x_wconf 90' lang='lat' dir='ltr'>fideliter</span> <span class='ocrx_word' id='word_1_104' title='bbox 1525 1449 1661 1492; x_wconf 90' lang='lat' dir='ltr'>artes</span> 
     </span>
     <span class='ocr_line' id='line_1_26' title="bbox 419 1508 1428 1562; baseline 0.001 -1"><span class='ocrx_word' id='word_1_105' title='bbox 419 1508 616 1561; x_wconf 84' lang='lat' dir='ltr'>emollit</span> <span class='ocrx_word' id='word_1_106' title='bbox 644 1526 815 1561; x_wconf 89' lang='lat' dir='ltr'>mores</span> <span class='ocrx_word' id='word_1_107' title='bbox 846 1527 945 1562; x_wconf 92' lang='lat' dir='ltr'>nec</span> <span class='ocrx_word' id='word_1_108' title='bbox 976 1509 1097 1561; x_wconf 88' lang='lat' dir='ltr'>sinit</span> <span class='ocrx_word' id='word_1_109' title='bbox 1127 1528 1240 1562; x_wconf 92' lang='lat' dir='ltr'>esse</span> <span class='ocrx_word' id='word_1_110' title='bbox 1271 1510 1428 1562; x_wconf 87' lang='lat' dir='ltr'>feros.</span> 
     </span>
    </p>

    <p class='ocr_par' dir='ltr' id='par_1_20' title="bbox 346 1579 1846 1720">
     <span class='ocr_line' id='line_1_27' title="bbox 346 1579 1846 1666; baseline 0.001 -35"><span class='ocrx_word' id='word_1_111' title='bbox 346 1598 444 1632; x_wconf 91' lang='lat' dir='ltr'>nec</span> <span class='ocrx_word' id='word_1_112' title='bbox 474 1598 662 1649; x_wconf 82' lang='lat' dir='ltr'>regum</span> <span class='ocrx_word' id='word_1_113' title='bbox 692 1579 971 1647; x_wconf 91' lang='lat' dir='ltr'>quisquam</span> <span class='ocrx_word' id='word_1_114' title='bbox 1000 1580 1170 1649; x_wconf 87' lang='lat' dir='ltr'>magis</span> <span class='ocrx_word' id='word_1_115' title='bbox 1201 1589 1280 1633; x_wconf 87' lang='lat' dir='ltr'>est</span> <span class='ocrx_word' id='word_1_116' title='bbox 1308 1580 1595 1633; x_wconf 89' lang='lat' dir='ltr'>instructus</span> <span class='ocrx_word' id='word_1_117' title='bbox 1627 1581 1694 1633; x_wconf 89' lang='lat' dir='ltr'>ab</span> <span class='ocrx_word' id='word_1_118' title='bbox 1724 1581 1846 1666; x_wconf 83' lang='lat' dir='ltr'>illis,</span> 
     </span>
     <span class='ocr_line' id='line_1_28' title="bbox 418 1650 1610 1733; baseline 0.003 -32"><span class='ocrx_word' id='word_1_119' title='bbox 418 1650 631 1703; x_wconf 86' lang='lat' dir='ltr'>mitibus</span> <span class='ocrx_word' id='word_1_120' title='bbox 663 1659 754 1702; x_wconf 90' lang='lat' dir='ltr'>aut</span> <span class='ocrx_word' id='word_1_121' title='bbox 785 1650 970 1702; x_wconf 90' lang='lat' dir='ltr'>studiis</span> <span class='ocrx_word' id='word_1_122' title='bbox 1002 1660 1239 1733; x_wconf 78' lang='lat' dir='ltr'>tempora</span> <span class='ocrx_word' id='word_1_123' title='bbox 1267 1651 1420 1720; x_wconf 89' lang='lat' dir='ltr'>plura</span> <span class='ocrx_word' id='word_1_124' title='bbox 1451 1652 1610 1704; x_wconf 86' lang='lat' dir='ltr'>dedit.</span> 
     </span>
    </p>

    <p class='ocr_par' dir='ltr' id='par_1_21' title="bbox 348 1721 1752 1862">
     <span class='ocr_line' id='line_1_29' title="bbox 348 1721 1752 1789; baseline 0.001 -17"><span class='ocrx_word' id='word_1_125' title='bbox 348 1721 580 1773; x_wconf 67' lang='lat' dir='ltr'>carmini</span> <span class='ocrx_word' id='word_1_126' title='bbox 610 1730 890 1773; x_wconf 84' lang='lat' dir='ltr'>testantur.</span> <span class='ocrx_word' id='word_1_127' title='bbox 923 1739 1083 1789; x_wconf 90' lang='lat' dir='ltr'>quae,</span> <span class='ocrx_word' id='word_1_128' title='bbox 1115 1722 1158 1774; x_wconf 91' lang='lat' dir='ltr'>si</span> <span class='ocrx_word' id='word_1_129' title='bbox 1188 1731 1281 1774; x_wconf 90' lang='lat' dir='ltr'>tua</span> <span class='ocrx_word' id='word_1_130' title='bbox 1310 1722 1524 1774; x_wconf 90' lang='lat' dir='ltr'>nomina</span> <span class='ocrx_word' id='word_1_131' title='bbox 1555 1723 1752 1786; x_wconf 78' lang='lat' dir='ltr'>demaS,</span> 
     </span>
     <span class='ocr_line' id='line_1_30' title="bbox 418 1791 1623 1862; baseline 0.003 -20"><span class='ocrx_word' id='word_1_132' title='bbox 418 1791 766 1844; x_wconf 88' lang='lat' dir='ltr'>Threicium</span> <span class='ocrx_word' id='word_1_133' title='bbox 752 1810 997 1844; x_wconf 79' lang='lat' dir='ltr'>luvenem</span> <span class='ocrx_word' id='word_1_134' title='bbox 1029 1792 1386 1861; x_wconf 85' lang='lat' dir='ltr'>composuisse</span> <span class='ocrx_word' id='word_1_135' title='bbox 1416 1811 1623 1862; x_wconf 83' lang='lat' dir='ltr'>negem.</span> 
     </span>
    </p>

    <p class='ocr_par' dir='ltr' id='par_1_22' title="bbox 346 1861 1801 2003">
     <span class='ocr_line' id='line_1_31' title="bbox 346 1861 1801 1943; baseline 0.001 -29"><span class='ocrx_word' id='word_1_136' title='bbox 346 1881 478 1915; x_wconf 88' lang='lat' dir='ltr'>neve</span> <span class='ocrx_word' id='word_1_137' title='bbox 511 1862 608 1913; x_wconf 90' lang='lat' dir='ltr'>sub</span> <span class='ocrx_word' id='word_1_138' title='bbox 639 1862 740 1943; x_wconf 84' lang='lat' dir='ltr'>hoc</span> <span class='ocrx_word' id='word_1_139' title='bbox 771 1871 942 1914; x_wconf 90' lang='lat' dir='ltr'>tractu</span> <span class='ocrx_word' id='word_1_140' title='bbox 971 1872 1117 1915; x_wconf 88' lang='lat' dir='ltr'>vates</span> <span class='ocrx_word' id='word_1_141' title='bbox 1148 1863 1285 1915; x_wconf 89' lang='lat' dir='ltr'>foret</span> <span class='ocrx_word' id='word_1_142' title='bbox 1314 1863 1500 1916; x_wconf 88' lang='lat' dir='ltr'>unicus</span> <span class='ocrx_word' id='word_1_143' title='bbox 1533 1861 1801 1933; x_wconf 88' lang='lat' dir='ltr'>Orpheus,</span> 
     </span>
     <span class='ocr_line' id='line_1_32' title="bbox 417 1932 1567 2003; baseline 0.002 -19"><span class='ocrx_word' id='word_1_144' title='bbox 417 1932 694 1985; x_wconf 89' lang='lat' dir='ltr'>Bistonis</span> <span class='ocrx_word' id='word_1_145' title='bbox 680 1932 893 2002; x_wconf 83' lang='lat' dir='ltr'>mgenio</span> <span class='ocrx_word' id='word_1_146' title='bbox 924 1942 1063 1986; x_wconf 88' lang='lat' dir='ltr'>terra</span> <span class='ocrx_word' id='word_1_147' title='bbox 1095 1933 1323 2003; x_wconf 88' lang='lat' dir='ltr'>superba</span> <span class='ocrx_word' id='word_1_148' title='bbox 1353 1942 1443 1986; x_wconf 94' lang='lat' dir='ltr'>tuo</span> <span class='ocrx_word' id='word_1_149' title='bbox 1474 1943 1567 1987; x_wconf 88' lang='lat' dir='ltr'>est.</span> 
     </span>
    </p>

    <p class='ocr_par' dir='ltr' id='par_1_23' title="bbox 348 2003 1843 2139">
     <span class='ocr_line' id='line_1_33' title="bbox 348 2003 1843 2074; baseline 0.002 -19"><span class='ocrx_word' id='word_1_150' title='bbox 348 2012 512 2071; x_wconf 90' lang='lat' dir='ltr'>utque</span> <span class='ocrx_word' id='word_1_151' title='bbox 543 2003 638 2055; x_wconf 88' lang='lat' dir='ltr'>tibi</span> <span class='ocrx_word' id='word_1_152' title='bbox 669 2013 748 2055; x_wconf 91' lang='lat' dir='ltr'>est</span> <span class='ocrx_word' id='word_1_153' title='bbox 778 2004 1008 2066; x_wconf 89' lang='lat' dir='ltr'>animus,</span> <span class='ocrx_word' id='word_1_154' title='bbox 1040 2022 1161 2056; x_wconf 92' lang='lat' dir='ltr'>cum</span> <span class='ocrx_word' id='word_1_155' title='bbox 1190 2023 1274 2056; x_wconf 74' lang='lat' dir='ltr'>ies</span> <span class='ocrx_word' id='word_1_156' title='bbox 1303 2004 1378 2057; x_wconf 90' lang='lat' dir='ltr'>ita</span> <span class='ocrx_word' id='word_1_157' title='bbox 1407 2005 1662 2074; x_wconf 84' lang='lat' dir='ltr'>postulat,</span> <span class='ocrx_word' id='word_1_158' title='bbox 1694 2024 1843 2058; x_wconf 85' lang='lat' dir='ltr'>arma</span> 
     </span>
     <span class='ocr_line' id='line_1_34' title="bbox 418 2073 1638 2144; baseline 0.002 -18"><span class='ocrx_word' id='word_1_159' title='bbox 418 2093 623 2127; x_wconf 89' lang='lat' dir='ltr'>sumere</span> <span class='ocrx_word' id='word_1_160' title='bbox 656 2084 708 2127; x_wconf 90' lang='lat' dir='ltr'>et</span> <span class='ocrx_word' id='word_1_161' title='bbox 737 2073 911 2126; x_wconf 89' lang='lat' dir='ltr'>hostili</span> <span class='ocrx_word' id='word_1_162' title='bbox 942 2074 1183 2144; x_wconf 85' lang='lat' dir='ltr'>tinguere</span> <span class='ocrx_word' id='word_1_163' title='bbox 1214 2075 1376 2128; x_wconf 88' lang='lat' dir='ltr'>caede</span> <span class='ocrx_word' id='word_1_164' title='bbox 1406 2095 1638 2139; x_wconf 83' lang='lat' dir='ltr'>manum,</span> 
     </span>
    </p>

    <p class='ocr_par' dir='ltr' id='par_1_24' title="bbox 344 2146 1690 2286">
     <span class='ocr_line' id='line_1_35' title="bbox 344 2146 1690 2214; baseline 0.002 -17"><span class='ocrx_word' id='word_1_165' title='bbox 344 2154 502 2213; x_wconf 90' lang='lat' dir='ltr'>atque</span> <span class='ocrx_word' id='word_1_166' title='bbox 532 2154 591 2197; x_wconf 90' lang='lat' dir='ltr'>ut</span> <span class='ocrx_word' id='word_1_167' title='bbox 622 2164 677 2198; x_wconf 91' lang='lat' dir='ltr'>es</span> <span class='ocrx_word' id='word_1_168' title='bbox 709 2163 929 2198; x_wconf 89' lang='lat' dir='ltr'>excusso</span> <span class='ocrx_word' id='word_1_169' title='bbox 958 2146 1190 2198; x_wconf 88' lang='lat' dir='ltr'>iaculum</span> <span class='ocrx_word' id='word_1_170' title='bbox 1220 2154 1465 2214; x_wconf 88' lang='lat' dir='ltr'>torquere</span> <span class='ocrx_word' id='word_1_171' title='bbox 1494 2148 1690 2200; x_wconf 87' lang='lat' dir='ltr'>lacerto</span> 
     </span>
     <span class='ocr_line' id='line_1_36' title="bbox 416 2217 1510 2286; baseline 0.002 -18"><span class='ocrx_word' id='word_1_172' title='bbox 416 2217 655 2284; x_wconf 86' lang='lat' dir='ltr'>collaque</span> <span class='ocrx_word' id='word_1_173' title='bbox 685 2217 893 2269; x_wconf 88' lang='lat' dir='ltr'>velocis</span> <span class='ocrx_word' id='word_1_174' title='bbox 908 2217 1116 2270; x_wconf 90' lang='lat' dir='ltr'>flectere</span> <span class='ocrx_word' id='word_1_175' title='bbox 1147 2217 1333 2270; x_wconf 88' lang='lat' dir='ltr'>doctus</span> <span class='ocrx_word' id='word_1_176' title='bbox 1364 2218 1510 2286; x_wconf 84' lang='lat' dir='ltr'>equi:</span> 
     </span>
    </p>

    <p class='ocr_par' dir='ltr' id='par_1_25' title="bbox 344 2287 1756 2428">
     <span class='ocr_line' id='line_1_37' title="bbox 344 2287 1756 2359; baseline 0.001 -21"><span class='ocrx_word' id='word_1_177' title='bbox 344 2296 581 2356; x_wconf 87' lang='lat' dir='ltr'>tempora</span> <span class='ocrx_word' id='word_1_178' title='bbox 611 2287 684 2339; x_wconf 92' lang='lat' dir='ltr'>sic</span> <span class='ocrx_word' id='word_1_179' title='bbox 716 2287 838 2339; x_wconf 89' lang='lat' dir='ltr'>data</span> <span class='ocrx_word' id='word_1_180' title='bbox 869 2296 990 2340; x_wconf 90' lang='lat' dir='ltr'>sunt</span> <span class='ocrx_word' id='word_1_181' title='bbox 1020 2288 1206 2340; x_wconf 90' lang='lat' dir='ltr'>studiis</span> <span class='ocrx_word' id='word_1_182' title='bbox 1237 2288 1329 2340; x_wconf 87' lang='lat' dir='ltr'>ubi</span> <span class='ocrx_word' id='word_1_183' title='bbox 1358 2288 1497 2341; x_wconf 89' lang='lat' dir='ltr'>iusta</span> <span class='ocrx_word' id='word_1_184' title='bbox 1525 2288 1756 2359; x_wconf 88' lang='lat' dir='ltr'>paternis</span> 
     </span>
     <span class='ocr_line' id='line_1_38' title="bbox 417 2358 1552 2441; baseline 0.003 -32"><span class='ocrx_word' id='word_1_185' title='bbox 417 2369 575 2425; x_wconf 88' lang='lat' dir='ltr'>atque</span> <span class='ocrx_word' id='word_1_186' title='bbox 607 2358 714 2410; x_wconf 91' lang='lat' dir='ltr'>suis</span> <span class='ocrx_word' id='word_1_187' title='bbox 745 2359 977 2411; x_wconf 89' lang='lat' dir='ltr'>numeris</span> <span class='ocrx_word' id='word_1_188' title='bbox 1008 2358 1143 2411; x_wconf 88' lang='lat' dir='ltr'>forte</span> <span class='ocrx_word' id='word_1_189' title='bbox 1173 2359 1371 2441; x_wconf 81' lang='lat' dir='ltr'>quievit</span> <span class='ocrx_word' id='word_1_190' title='bbox 1402 2377 1552 2428; x_wconf 90' lang='lat' dir='ltr'>opus,</span> 
     </span>
    </p>

    <p class='ocr_par' dir='ltr' id='par_1_26' title="bbox 344 2429 1615 2552">
     <span class='ocr_line' id='line_1_39' title="bbox 344 2429 1615 2498; baseline 0.002 -19"><span class='ocrx_word' id='word_1_191' title='bbox 344 2447 410 2480; x_wconf 91' lang='lat' dir='ltr'>ne</span> <span class='ocrx_word' id='word_1_192' title='bbox 442 2438 533 2480; x_wconf 91' lang='lat' dir='ltr'>tua</span> <span class='ocrx_word' id='word_1_193' title='bbox 562 2439 889 2481; x_wconf 86' lang='lat' dir='ltr'>marcescant</span> <span class='ocrx_word' id='word_1_194' title='bbox 919 2448 1013 2498; x_wconf 89' lang='lat' dir='ltr'>per</span> <span class='ocrx_word' id='word_1_195' title='bbox 1043 2429 1220 2482; x_wconf 90' lang='lat' dir='ltr'>inertis</span> <span class='ocrx_word' id='word_1_196' title='bbox 1252 2430 1358 2482; x_wconf 89' lang='lat' dir='ltr'>otia</span> <span class='ocrx_word' id='word_1_197' title='bbox 1389 2447 1615 2491; x_wconf 80' lang='lat' dir='ltr'>somnOS‚</span> 
     </span>
     <span class='ocr_line' id='line_1_40' title="bbox 415 2499 1388 2552; baseline 0.002 -2"><span class='ocrx_word' id='word_1_198' title='bbox 415 2499 591 2551; x_wconf 89' lang='lat' dir='ltr'>lucida</span> <span class='ocrx_word' id='word_1_199' title='bbox 621 2499 799 2551; x_wconf 90' lang='lat' dir='ltr'>Pieria</span> <span class='ocrx_word' id='word_1_200' title='bbox 829 2500 1044 2552; x_wconf 90' lang='lat' dir='ltr'>tendis</span> <span class='ocrx_word' id='word_1_201' title='bbox 1030 2520 1085 2552; x_wconf 89' lang='lat' dir='ltr'>m</span> <span class='ocrx_word' id='word_1_202' title='bbox 1116 2510 1256 2552; x_wconf 88' lang='lat' dir='ltr'>astra</span> <span class='ocrx_word' id='word_1_203' title='bbox 1285 2500 1388 2552; x_wconf 88' lang='lat' dir='ltr'>via.</span> 
     </span>
    </p>

    <p class='ocr_par' dir='ltr' id='par_1_27' title="bbox 344 2569 1907 2709">
     <span class='ocr_line' id='line_1_41' title="bbox 344 2569 1907 2637; baseline 0.002 -16"><span class='ocrx_word' id='word_1_204' title='bbox 344 2569 476 2622; x_wconf 91' lang='lat' dir='ltr'>haec</span> <span class='ocrx_word' id='word_1_205' title='bbox 508 2587 718 2637; x_wconf 92' lang='lat' dir='ltr'>quoque</span> <span class='ocrx_word' id='word_1_206' title='bbox 747 2588 830 2622; x_wconf 90' lang='lat' dir='ltr'>res</span> <span class='ocrx_word' id='word_1_207' title='bbox 862 2570 1061 2637; x_wconf 90' lang='lat' dir='ltr'>aliquid</span> <span class='ocrx_word' id='word_1_208' title='bbox 1091 2580 1266 2624; x_wconf 88' lang='lat' dir='ltr'>tecum</span> <span class='ocrx_word' id='word_1_209' title='bbox 1296 2570 1424 2622; x_wconf 92' lang='lat' dir='ltr'>mihi</span> <span class='ocrx_word' id='word_1_210' title='bbox 1454 2571 1679 2624; x_wconf 86' lang='lat' dir='ltr'>foederis</span> <span class='ocrx_word' id='word_1_211' title='bbox 1711 2571 1907 2625; x_wconf 83' lang='lat' dir='ltr'>adfert:</span> 
     </span>
     <span class='ocr_line' id='line_1_42' title="bbox 417 2640 1494 2709; baseline 0.001 -16"><span class='ocrx_word' id='word_1_212' title='bbox 417 2640 651 2693; x_wconf 90' lang='lat' dir='ltr'>eiusdem</span> <span class='ocrx_word' id='word_1_213' title='bbox 682 2641 815 2693; x_wconf 90' lang='lat' dir='ltr'>sacri</span> <span class='ocrx_word' id='word_1_214' title='bbox 847 2642 1014 2693; x_wconf 88' lang='lat' dir='ltr'>cultor</span> <span class='ocrx_word' id='word_1_215' title='bbox 1043 2650 1263 2709; x_wconf 90' lang='lat' dir='ltr'>uterque</span> <span class='ocrx_word' id='word_1_216' title='bbox 1295 2661 1494 2694; x_wconf 77' lang='lat' dir='ltr'>sumus,</span> 
     </span>
    </p>

    <p class='ocr_par' dir='ltr' id='par_1_28' title="bbox 346 2711 1556 2836">
     <span class='ocr_line' id='line_1_43' title="bbox 346 2711 1556 2774; baseline 0.002 -11"><span class='ocrx_word' id='word_1_217' title='bbox 346 2711 414 2763; x_wconf 87' lang='lat' dir='ltr'>ad</span> <span class='ocrx_word' id='word_1_218' title='bbox 443 2720 617 2763; x_wconf 90' lang='lat' dir='ltr'>vatem</span> <span class='ocrx_word' id='word_1_219' title='bbox 648 2720 795 2764; x_wconf 88' lang='lat' dir='ltr'>vates</span> <span class='ocrx_word' id='word_1_220' title='bbox 827 2712 1028 2764; x_wconf 89' lang='lat' dir='ltr'>orantia</span> <span class='ocrx_word' id='word_1_221' title='bbox 1057 2712 1303 2765; x_wconf 87' lang='lat' dir='ltr'>bracchia</span> <span class='ocrx_word' id='word_1_222' title='bbox 1335 2713 1509 2774; x_wconf 90' lang='lat' dir='ltr'>tend0‚</span> <span class='ocrx_word' id='word_1_223' title='bbox 1552 2738 1556 2741; x_wconf 92' lang='lat'>·</span> 
     </span>
     <span class='ocr_line' id='line_1_44' title="bbox 415 2782 1371 2836; baseline 0.002 -3"><span class='ocrx_word' id='word_1_224' title='bbox 415 2791 555 2834; x_wconf 91' lang='lat' dir='ltr'>terra</span> <span class='ocrx_word' id='word_1_225' title='bbox 586 2782 651 2834; x_wconf 90' lang='lat' dir='ltr'>sit</span> <span class='ocrx_word' id='word_1_226' title='bbox 682 2782 849 2834; x_wconf 86' lang='lat' dir='ltr'>exiliis</span> <span class='ocrx_word' id='word_1_227' title='bbox 880 2792 938 2834; x_wconf 93' lang='lat' dir='ltr'>ut</span> <span class='ocrx_word' id='word_1_228' title='bbox 969 2792 1060 2835; x_wconf 90' lang='lat' dir='ltr'>tua</span> <span class='ocrx_word' id='word_1_229' title='bbox 1089 2783 1195 2835; x_wconf 87' lang='lat' dir='ltr'>fida</span> <span class='ocrx_word' id='word_1_230' title='bbox 1224 2783 1371 2836; x_wconf 78' lang='lat' dir='ltr'>meis·</span> 
     </span>
    </p>

    <p class='ocr_par' dir='ltr' id='par_1_29' title="bbox 343 2853 1622 2988">
     <span class='ocr_line' id='line_1_45' title="bbox 343 2853 1622 2922; baseline 0.002 -18"><span class='ocrx_word' id='word_1_231' title='bbox 343 2870 448 2904; x_wconf 91' lang='lat' dir='ltr'>non</span> <span class='ocrx_word' id='word_1_232' title='bbox 481 2870 580 2922; x_wconf 82' lang='lat' dir='ltr'>ego</span> <span class='ocrx_word' id='word_1_233' title='bbox 611 2853 771 2906; x_wconf 87' lang='lat' dir='ltr'>caede</span> <span class='ocrx_word' id='word_1_234' title='bbox 802 2871 997 2906; x_wconf 90' lang='lat' dir='ltr'>nocens</span> <span class='ocrx_word' id='word_1_235' title='bbox 1027 2853 1081 2905; x_wconf 91' lang='lat' dir='ltr'>in</span> <span class='ocrx_word' id='word_1_236' title='bbox 1111 2854 1272 2906; x_wconf 90' lang='lat' dir='ltr'>Ponti</span> <span class='ocrx_word' id='word_1_237' title='bbox 1300 2854 1455 2906; x_wconf 89' lang='lat' dir='ltr'>litora</span> <span class='ocrx_word' id='word_1_238' title='bbox 1485 2855 1622 2918; x_wconf 92' lang='lat' dir='ltr'>veni,</span> 
     </span>
     <span class='ocr_line' id='line_1_46' title="bbox 414 2924 1592 2988; baseline 0.003 -13"><span class='ocrx_word' id='word_1_239' title='bbox 414 2924 645 2976; x_wconf 89' lang='lat' dir='ltr'>mixtave</span> <span class='ocrx_word' id='word_1_240' title='bbox 677 2933 799 2976; x_wconf 88' lang='lat' dir='ltr'>sunt</span> <span class='ocrx_word' id='word_1_241' title='bbox 827 2934 1007 2977; x_wconf 89' lang='lat' dir='ltr'>nostra</span> <span class='ocrx_word' id='word_1_242' title='bbox 1037 2925 1151 2976; x_wconf 85' lang='lat' dir='ltr'>di1a</span> <span class='ocrx_word' id='word_1_243' title='bbox 1180 2944 1384 2978; x_wconf 90' lang='lat' dir='ltr'>venena</span> <span class='ocrx_word' id='word_1_244' title='bbox 1414 2945 1592 2988; x_wconf 80' lang='lat' dir='ltr'>manU,</span> 
     </span>
    </p>

    <p class='ocr_par' dir='ltr' id='par_1_30' title="bbox 344 2995 1702 3135">
     <span class='ocr_line' id='line_1_47' title="bbox 344 2995 1702 3066; baseline 0.001 -20"><span class='ocrx_word' id='word_1_245' title='bbox 344 3013 441 3046; x_wconf 90' lang='lat' dir='ltr'>nec</span> <span class='ocrx_word' id='word_1_246' title='bbox 470 3014 590 3047; x_wconf 89' lang='lat' dir='ltr'>mea</span> <span class='ocrx_word' id='word_1_247' title='bbox 621 2995 858 3048; x_wconf 89' lang='lat' dir='ltr'>subiecta</span> <span class='ocrx_word' id='word_1_248' title='bbox 889 2995 1128 3048; x_wconf 89' lang='lat' dir='ltr'>convicta</span> <span class='ocrx_word' id='word_1_249' title='bbox 1158 3006 1237 3048; x_wconf 92' lang='lat' dir='ltr'>est</span> <span class='ocrx_word' id='word_1_250' title='bbox 1266 3015 1479 3066; x_wconf 84' lang='lat' dir='ltr'>gemma</span> <span class='ocrx_word' id='word_1_251' title='bbox 1508 2997 1702 3049; x_wconf 90' lang='lat' dir='ltr'>tabella</span> 
     </span>
     <span class='ocr_line' id='line_1_48' title="bbox 415 3065 1442 3135; baseline 0.002 -19"><span class='ocrx_word' id='word_1_252' title='bbox 415 3065 724 3118; x_wconf 91' lang='lat' dir='ltr'>mendacem</span> <span class='ocrx_word' id='word_1_253' title='bbox 754 3066 917 3118; x_wconf 89' lang='lat' dir='ltr'>linis</span> <span class='ocrx_word' id='word_1_254' title='bbox 902 3066 1215 3135; x_wconf 89' lang='lat' dir='ltr'>1mposuisse</span> <span class='ocrx_word' id='word_1_255' title='bbox 1245 3075 1442 3119; x_wconf 88' lang='lat' dir='ltr'>notam.</span> 
     </span>
    </p>

    <p class='ocr_par' dir='ltr' id='par_1_31' title="bbox 343 3135 1817 3277">
     <span class='ocr_line' id='line_1_49' title="bbox 343 3135 1817 3206; baseline 0.001 -20"><span class='ocrx_word' id='word_1_256' title='bbox 343 3154 441 3188; x_wconf 89' lang='grc'>1100</span> <span class='ocrx_word' id='word_1_257' title='bbox 472 3135 780 3204; x_wconf 89' lang='lat' dir='ltr'>quicquam,</span> <span class='ocrx_word' id='word_1_258' title='bbox 812 3137 956 3204; x_wconf 86' lang='lat' dir='ltr'>quod</span> <span class='ocrx_word' id='word_1_259' title='bbox 984 3139 1102 3206; x_wconf 81' lang='lat' dir='ltr'>lege</span> <span class='ocrx_word' id='word_1_260' title='bbox 1133 3146 1280 3190; x_wconf 93' lang='lat' dir='ltr'>vetor</span> <span class='ocrx_word' id='word_1_261' title='bbox 1311 3138 1660 3198; x_wconf 87' lang='lat' dir='ltr'>committere,</span> <span class='ocrx_word' id='word_1_262' title='bbox 1692 3136 1817 3189; x_wconf 87' lang='lat' dir='ltr'>feci:</span> 
     </span>
     <span class='ocr_line' id='line_1_50' title="bbox 415 3207 1642 3277; baseline 0 -19"><span class='ocrx_word' id='word_1_263' title='bbox 415 3214 494 3258; x_wconf 88' lang='lat' dir='ltr'>est</span> <span class='ocrx_word' id='word_1_264' title='bbox 524 3215 701 3259; x_wconf 89' lang='lat' dir='ltr'>tamen</span> <span class='ocrx_word' id='word_1_265' title='bbox 730 3207 812 3259; x_wconf 92' lang='lat' dir='ltr'>his</span> <span class='ocrx_word' id='word_1_266' title='bbox 842 3207 1055 3277; x_wconf 87' lang='lat' dir='ltr'>gravior</span> <span class='ocrx_word' id='word_1_267' title='bbox 1084 3225 1225 3260; x_wconf 89' lang='lat' dir='ltr'>noxa</span> <span class='ocrx_word' id='word_1_268' title='bbox 1254 3207 1469 3260; x_wconf 85' lang='lat' dir='ltr'>fatenda</span> <span class='ocrx_word' id='word_1_269' title='bbox 1497 3207 1642 3259; x_wconf 86' lang='lat' dir='ltr'>mihi.</span> 
     </span>
    </p>

    <p class='ocr_par' dir='ltr' id='par_1_32' title="bbox 342 3277 2013 3400">
     <span class='ocr_line' id='line_1_51' title="bbox 342 3277 2013 3347; baseline 0.002 -20"><span class='ocrx_word' id='word_1_270' title='bbox 342 3295 475 3329; x_wconf 87' lang='lat' dir='ltr'>neve</span> <span class='ocrx_word' id='word_1_271' title='bbox 506 3294 684 3345; x_wconf 76' lang='lat' dir='ltr'>rogeS,</span> <span class='ocrx_word' id='word_1_272' title='bbox 716 3294 852 3344; x_wconf 92' lang='lat' dir='ltr'>quae</span> <span class='ocrx_word' id='word_1_273' title='bbox 884 3278 965 3329; x_wconf 90' lang='lat' dir='ltr'>sit.</span> <span class='ocrx_word' id='word_1_274' title='bbox 1035 3278 1250 3330; x_wconf 90' lang='lat' dir='ltr'>stultam</span> <span class='ocrx_word' id='word_1_275' title='bbox 1280 3296 1438 3346; x_wconf 90' lang='lat' dir='ltr'>quam</span> <span class='ocrx_word' id='word_1_276' title='bbox 1471 3277 1773 3347; x_wconf 84' lang='lat' dir='ltr'>scripsimus</span> <span class='ocrx_word' id='word_1_277' title='bbox 1804 3279 2013 3341; x_wconf 83' lang='lat' dir='ltr'>Artem,</span> 
     </span>
     <span class='ocr_line' id='line_1_52' title="bbox 413 3347 1561 3400; baseline 0.002 -2"><span class='ocrx_word' id='word_1_278' title='bbox 413 3347 666 3398; x_wconf 89' lang='lat' dir='ltr'>innocuas</span> <span class='ocrx_word' id='word_1_279' title='bbox 697 3347 849 3399; x_wconf 89' lang='lat' dir='ltr'>nobis</span> <span class='ocrx_word' id='word_1_280' title='bbox 880 3347 1010 3399; x_wconf 90' lang='lat' dir='ltr'>haec</span> <span class='ocrx_word' id='word_1_281' title='bbox 1040 3357 1182 3400; x_wconf 88' lang='lat' dir='ltr'>vetat</span> <span class='ocrx_word' id='word_1_282' title='bbox 1213 3366 1327 3400; x_wconf 89' lang='lat' dir='ltr'>esse</span> <span class='ocrx_word' id='word_1_283' title='bbox 1357 3367 1561 3400; x_wconf 88' lang='lat' dir='ltr'>manus.</span> 
     </span>
    </p>

    <p class='ocr_par' dir='ltr' id='par_1_33' title="bbox 345 3417 1588 3558">
     <span class='ocr_line' id='line_1_53' title="bbox 345 3417 1588 3486; baseline -0.002 -14"><span class='ocrx_word' id='word_1_284' title='bbox 345 3417 536 3485; x_wconf 86' lang='lat' dir='ltr'>ecquid</span> <span class='ocrx_word' id='word_1_285' title='bbox 565 3426 836 3486; x_wconf 89' lang='lat' dir='ltr'>praeterea</span> <span class='ocrx_word' id='word_1_286' title='bbox 866 3417 1150 3486; x_wconf 88' lang='lat' dir='ltr'>peccarim,</span> <span class='ocrx_word' id='word_1_287' title='bbox 1183 3435 1434 3485; x_wconf 90' lang='lat' dir='ltr'>quaerere</span> <span class='ocrx_word' id='word_1_288' title='bbox 1464 3418 1588 3482; x_wconf 90' lang='lat' dir='ltr'>noli,</span> 
     </span>
     <span class='ocr_line' id='line_1_54' title="bbox 414 3488 1448 3558; baseline 0.001 -18"><span class='ocrx_word' id='word_1_289' title='bbox 414 3498 473 3540; x_wconf 95' lang='lat' dir='ltr'>ut</span> <span class='ocrx_word' id='word_1_290' title='bbox 502 3489 663 3541; x_wconf 88' lang='lat' dir='ltr'>lateat</span> <span class='ocrx_word' id='word_1_291' title='bbox 695 3489 805 3540; x_wconf 89' lang='lat' dir='ltr'>sola</span> <span class='ocrx_word' id='word_1_292' title='bbox 836 3488 991 3558; x_wconf 88' lang='lat' dir='ltr'>culpa</span> <span class='ocrx_word' id='word_1_293' title='bbox 1021 3488 1119 3541; x_wconf 88' lang='lat' dir='ltr'>sub</span> <span class='ocrx_word' id='word_1_294' title='bbox 1150 3489 1285 3542; x_wconf 87' lang='lat' dir='ltr'>Arte</span> <span class='ocrx_word' id='word_1_295' title='bbox 1314 3507 1448 3542; x_wconf 90' lang='lat' dir='ltr'>mea.</span> 
     </span>
    </p>
   </div>
  </div>
 </body>
</html>
