2158 3906
360 400 362 403 Ι
492 331 841 379 FASTORUM
870 331 991 376 LIB.
1024 331 1085 376 II.
1119 332 1356 377 775—860.
1709 321 1783 374 37

72 435 161 496 fila
190 434 279 489 diu
308 432 490 487 reticet
520 433 939 503 pudibundaque
971 434 1103 487 celat
1136 435 1328 487 amictu

143 525 256 561 ora·
287 504 458 558 fluunt
486 504 732 558 lacrimae
763 523 909 558 more
940 505 1185 575 perennis
1216 523 1401 573 aquae.
1809 522 1901 561 820·

72 576 193 635 hinc
260 584 395 638 ater,
424 574 547 628 hinc
578 575 806 627 coniunx
837 575 1079 628 lacrimas
1111 576 1346 628 solantur
1375 585 1428 629 et
1457 586 1626 639 orant,

140 594 358 710 mdpcet,
393 654 444 699 et
474 663 631 699 caeco
661 646 894 714 flentque
924 657 1224 716 paventque
1254 658 1416 702 metu.

68 668 159 776 ter1
178 727 364 772 conata
391 716 536 786 loqui
567 726 646 770 ter
677 717 896 770 destitit.
929 735 1162 786 ausaque
1194 727 1398 787 quarte,

55 793 89 840 ³5
140 806 245 843 non
275 787 455 841 oculos
484 787 603 840 ideo
635 788 846 840 sustulit
875 788 964 840 illa
995 807 1134 841 suos.

67 852 194 916 Ἡιοο
223 875 434 941 quoque
466 857 756 927 Tarquinio
788 858 1130 912 debebimus?
1161 859 1421 929 eloquar,’
1452 860 1640 929 inquit,
1808 878 1897 917 825

141 929 380 999 ‘eloquar
408 928 592 983 infelix
624 930 897 983 dedecus
883 949 998 1000 1psa
1028 930 1261 984 meum?’

105 1017 308 1069 uaeque
338 1009 534 1071 potest,
563 1009 756 1053 narrat.
830 1001 1100 1054 restabant
1130 1001 1337 1054 ultima:
1369 1003 1530 1065 flevit,

87 1103 90 1130 ;
140 1081 191 1126 et
218 1071 535 1125 matronales
567 1072 824 1125 erubuere
854 1090 1039 1142 genae.

106 1146 108 1149 ’
138 1151 194 1196 nt
223 1142 431 1195 veniam
463 1142 603 1196 facto
632 1142 839 1212 genitor
869 1142 1203 1210 coniunxque
1236 1153 1465 1196 coactae.

98 1263 99 1266 ,
138 1213 347 1283 ‘quam'
379 1212 511 1265 dixit
541 1213 774 1266 ‘veniam
806 1230 899 1265 vos
931 1212 1091 1274 datis,
1123 1213 1238 1282 ipsa
1268 1214 1440 1283 nego!
1808 1234 1897 1272 830

16 1303 17 1350 j
59 1295 164 1349 &ec
193 1301 362 1336 mora:
396 1283 564 1337 celato
594 1283 705 1335 fixit
737 1302 833 1335 sua
862 1293 1076 1352 pectora
1106 1283 1246 1335 ferro

139 1363 188 1408 et
219 1353 401 1408 cadit
386 1373 440 1407 ιιι
470 1353 667 1437 patrios
699 1353 1106 1436 sanguinulenta
1137 1354 1316 1423 pedes.

67 1428 194 1481 tunc
224 1442 459 1509 quoque,
489 1424 593 1478 iar‘n
624 1424 877 1488 moriens,
908 1443 974 1477 ne
1006 1442 1111 1477 non
1143 1424 1455 1495 procumbat
1488 1425 1724 1490 honeste,

63 1534 75 1547 ,.
137 1495 370 1568 respicit3
403 1495 534 1550 haec
565 1495 723 1549 etiam
755 1513 882 1548 cura
913 1495 1146 1549 cadentis
1177 1507 1304 1550 erat.

16 1582 17 1589 ’
68 1584 189 1623 ecce
219 1585 378 1638 super
407 1566 955 1650 corpus3com1nunia
986 1567 1180 1620 damna
1208 1578 1498 1637 gementes,
1806 1586 1892 1626 835

138 1637 282 1692 obliti
313 1637 538 1702 decoris,
568 1638 753 1707 virque
783 1648 1038 1708 paterque
1069 1637 1264 1691 iacent.

65 1706 269 1764 Brutus
295 1709 442 1763 adest
472 1708 792 1792 tandemque
824 1709 999 1762 animo
1032 1728 1128 1762 sua
1157 1710 1372 1763 nomina
1402 1710 1536 1763 fallit

15 1842 16 1845 Ἴ
136 1780 344 1850 fixaque
376 1779 669 1834 semianimi
701 1798 917 1851 corpore
949 1780 1054 1834 tela
1084 1781 1238 1863 rapit,

65 1850 451 1920 stillantemque
482 1860 666 1905 tenens
696 1869 954 1935 gene-roso
986 1853 1243 1922 sanguine
1274 1852 1502 1906 cultrum

110 1921 298 1976 edidit
326 1921 619 1993 impavidos
650 1940 739 1975 ore
770 1923 1002 1976 minante
1034 1941 1213 1976 sonos.
1806 1943 1893 1983 810

65 1996 184 2066 ‘per
212 1993 307 2046 tibi
339 2011 438 2064 ego
468 1992 653 2046 hunc
639 2011 754 2046 1uro
784 1993 975 2047 fortem
1007 2003 1316 2064 castumque
1348 2014 1607 2059 cruorem,

134 2081 333 2134 perque
363 2073 482 2116 tuos
511 2063 728 2127 Manes,
759 2064 850 2132 qui
882 2064 1008 2117 mihi
1039 2084 1234 2119 numen
1266 2077 1437 2129 erunt,

40 2127 413 2203 “Tarquinium
441 2134 670 2218 profuga
698 2153 895 2205 poenas
927 2154 1047 2188 cum
1079 2136 1239 2218 stirpe
1270 2136 1534 2190 daturum.

133 2205 239 2258 iam
270 2205 395 2258 satis
426 2214 505 2259 est
534 2205 699 2258 virtus
731 2205 1058 2259 dissimulata
1089 2206 1212 2258 diu?

61 2272 194 2334 illa
180 2294 356 2329 iacens
387 2276 455 2329 ad
485 2276 648 2330 verba
678 2276 858 2329 oculos
890 2277 1001 2330 sine
1031 2277 1233 2331 lumine
1259 2278 1441 2342 movit,
1803 2298 1888 2337 845

134 2347 353 2416 visaque
385 2365 640 2400 concussa
671 2347 811 2400 dicta
840 2348 1062 2417 probare
1095 2366 1260 2401 coma.

62 2412 270 2473 fertur’
256 2436 311 2470 ιιι
341 2418 591 2487 exequias
623 2418 782 2470 animi
813 2428 1052 2472 matrona
1082 2419 1244 2472 virilis

40 2500 105 2524 ’Χ
135 2497 186 2542 et
205 2502 395 2542 *secum
424 2489 713 2542 lacrimas
698 2489 1056 2558 mvidiamque
1087 2490 1261 2543 trahit.

63 2558 292 2615 volnus
277 2578 433 2614 mane
463 2569 623 2644 patet.
698 2561 898 2613 Btutus
930 2562 1157 2614 clamore
1189 2560 1425 2628 Quirites

135 2631 361 2684 concitat
387 2640 439 2684 et
468 2631 613 2703 regis
637 2631 779 2684 facta
807 2632 1039 2685 nefanda
1067 2632 1242 2686 refelut
1800 2652 1886 2691 8ῡο

65 2698 380 2771 Tarquinius
412 2720 532 2755 cum
525 2674 708 2785 ”prole
738 2702 892 2773 fugit.
968 2704 1109 2774 capit
1141 2723 1316 2757 annua
1347 2706 1530 2758 consul

51 2817 71 2826 .,
132 2772 260 2826 iura.
336 2773 447 2826 dies
477 2773 653 2844 regnis
684 2774 773 2826 illa
805 2792 1050 2844 suprema
1080 2774 1196 2826 fuit.

63 2909 340 2986 Fallimur,
371 2934 439 2968 an
470 2915 605 2968 xeris
637 2916 949 2985 praenuntia
979 2916 1122 2968 venit
1152 2915 1378 2969 hirundo
1650 2915 1728 2960 25-
1762 2918 1814 2960 H
1821 2920 1859 2960 C

46 3047 47 3050 Ἴ
86 2987 88 2990 ’
133 3004 230 3039 nec
258 2986 468 3050 metuit,
499 3004 566 3040 ne
597 3004 703 3055 qua
733 3005 884 3039 versa
914 2996 1149 3039 recurlat
1179 2987 1379 3040 hiems?
1609 2972 1689 3016 ⁶·'
1721 2975 1761 3017 Α
1790 2975 1886 3017 FN

50 3071 218 3138 nepe
248 3065 450 3120 tamen,
481 3056 721 3128 Progne,
751 3057 970 3109 nimium
1001 3076 1311 3127 propeiasse
1342 3059 1594 3127 quereris,
1798 3078 1881 3116 855

64 3154 90 3171 a
133 3126 316 3197 virque
346 3136 441 3181 tuo
467 3100 669 3181 Tereus
700 3127 896 3199 frigore
926 3129 1094 3181 laetus
1126 3128 1238 3182 erit.

51 3238 282 3339 Jamque
313 3270 448 3325 duae
478 3279 677 3324 restant
707 3280 887 3324 noctes
919 3270 983 3324 de
1012 3290 1192 3324 mense
1225 3272 1473 3336 secundO,
1512 3270 1591 3314 27-
1619 3273 1658 3314 B
1687 3273 1730 3315 Ε
1739 3273 1794 3322 Q
1807 3273 1886 3316 W

55 3346 89 3415 'J'
132 3339 386 3410 Marsque
417 3342 544 3395 citos
575 3342 766 3395 iunctis
797 3343 1036 3395 curribus
1067 3351 1221 3412 urget
1252 3362 1438 3411 equos:
1599 3328 1679 3372 ²3
1717 3331 1798 3373 CC

55 3406 132 3475 'fix
160 3429 283 3464 vero
313 3412 543 3482 positum
610 3413 859 3466 ermansit
887 3412 1111 3496 Equiria
1140 3432 1350 3478 nomen,

77 3498 267 3551 quae
298 3483 471 3536 deus
457 3503 512 3535 ιιι
594 3502 748 3554 ampo
777 3484 1025 3554 prospicit
1055 3485 1167 3555 ipse
1198 3503 1307 3537 suc.
1797 3503 1880 3542 860
