2158 3906
828 361 1024 407 IBIDIS
1056 363 1209 408 1-79.
1773 353 1875 407 201

215 481 399 533 ,quem
430 470 582 516 vetus
613 481 835 517 accensa
865 473 1071 534 separat
1103 464 1179 518 ira
1208 484 1357 535 pyra,

171 542 225 590 et
253 551 348 588 ver
376 542 630 587 autumno
640 572 655 597 ,
688 533 907 588 brumae
938 535 1243 588 miscebitur
1272 546 1461 599 aestas,

242 613 400 674 atque
431 603 615 657 eadem
645 604 792 675 regio
823 623 1011 675 vesper
1042 616 1092 659 et
1124 616 1267 659 ortus
1299 607 1419 660 erit:

169 693 331 745 quam
361 674 490 727 mihi
519 674 585 727 sit
615 683 790 728 tecum
812 676 1028 758 positis,
1058 694 1195 745 quae
1227 678 1571 761 sumpsimus,
1603 680 1761 733 armis

238 745 431 816 gratia,
464 745 779 809 commissis,
810 747 1074 817 lmprobe,
1105 757 1260 818 rupta
1291 758 1416 802 tu1s:
1905 769 1967 808 40

167 834 326 886 quam
358 815 507 870 dolor
535 815 621 869 hic
651 834 906 886 umquam
937 818 1105 889 spatio
1137 837 1448 874 evanescere
1479 821 1661 891 possit,

237 886 398 941 leniat
427 895 519 940 aut
549 886 730 940 odium
759 897 967 958 tempus
999 898 1051 942 et
1081 889 1210 942 hora
1240 909 1434 944 meum.

167 976 272 1030 pax
304 957 401 1012 erit
431 957 562 1012 haec
592 958 769 1022 nobis,
802 959 968 1013 donec
998 959 1127 1012 mihi
1157 961 1266 1014 vita
1296 961 1544 1025 manebit,

239 1046 361 1082 cum
389 1047 580 1100 pecore
610 1030 817 1083 infirmo
847 1048 983 1099 quae
1015 1031 1146 1084 solet
1175 1050 1290 1085 esse
1320 1032 1474 1103 lupis.

166 1099 336 1170 prima
367 1100 581 1169 quidem
612 1110 798 1171 coepto
830 1102 1151 1155 committam
1182 1103 1381 1173 proelia
1411 1123 1585 1169 versu,
1903 1124 1962 1164 45

236 1188 343 1224 non
374 1172 576 1225 soleant
606 1172 847 1241 quamvis
879 1172 979 1226 hoc
1009 1173 1143 1242 pede
1174 1173 1312 1226 bella
1342 1175 1472 1244 geri.

163 1251 329 1311 utque
397 1241 490 1295 etit
519 1242 687 1313 primo
718 1243 932 1313 plenum
963 1243 1202 1296 flaventis
1234 1243 1461 1298 harenae

235 1331 340 1366 non
381 1332 470 1366 um
503 1313 711 1367 calfacti
742 1313 920 1366 militis
951 1313 1103 1365 hasta
1134 1314 1328 1366 solum:

165 1383 240 1438 sic
271 1402 370 1455 ego
402 1393 453 1438 te
483 1384 719 1437 nondum
750 1384 888 1437 ferro
918 1383 1191 1437 iaculabor
1221 1395 1394 1447 acut0,

234 1455 471 1525 protinus
501 1454 731 1508 invisum
760 1473 858 1508 nec
889 1463 1033 1524 petet
1063 1453 1215 1508 hasta
1246 1468 1420 1526 caput,
1905 1479 1965 1518 50

164 1535 216 1580 et
244 1543 417 1595 neque
445 1525 502 1579 in
530 1525 632 1578 hoc
661 1543 851 1579 nomen
882 1543 980 1578 nec
1011 1524 1183 1578 dicam
1215 1524 1356 1580 facta
1386 1526 1580 1593 libello,

233 1606 390 1665 teque
421 1595 593 1660 brevi,
624 1595 716 1665 qui
747 1595 841 1659 sis,
875 1595 1204 1651 dissimulare
1236 1597 1421 1651 sinam.

161 1666 436 1738 postmodo
446 1704 461 1729 ,
494 1666 538 1720 si
566 1685 779 1738 perges,
810 1667 864 1719 in
895 1676 947 1722 te
977 1666 1106 1720 mihi
1136 1667 1270 1721 liber
1299 1668 1509 1723 iambus

235 1737 398 1792 tincta
428 1737 736 1808 Lycambeo
770 1738 1026 1809 sanguine
1058 1739 1162 1792 tela
1193 1739 1355 1793 dabit.

159 1827 324 1872 nunc,
355 1826 462 1878 quo
491 1809 763 1863 Battiades
793 1809 1063 1863 inimicum
1095 1810 1322 1864 devovet
1352 1811 1489 1874 Ibin,
1902 1833 1960 1872 55

231 1879 332 1934 hoc
362 1897 461 1950 ego
492 1880 728 1934 devoveo
760 1890 917 1949 teque
949 1890 1173 1950 tuosque
1205 1882 1379 1935 modo.

159 1959 326 2021 utque
355 1950 466 2014 ille,
498 1950 726 2005 historiis
756 1951 1021 2005 involvam
1053 1952 1287 2005 carmina
1317 1954 1511 2007 caecis:

229 2040 337 2075 non
367 2022 563 2076 soleam
593 2022 833 2104 quamvis
863 2022 964 2075 hoc
993 2041 1163 2093 genus
1194 2023 1307 2094 ipse
1339 2025 1503 2093 sequi.

158 2092 298 2146 illius
330 2092 581 2163 ambages
612 2094 846 2146 1mitatus
876 2094 932 2146 in
962 2093 1115 2147 Ibide
1147 2094 1293 2148 dicar

230 2164 423 2217 oblitus
454 2163 612 2217 moris
643 2163 925 2233 iudiciique
956 2165 1075 2218 mei.
1901 2187 1961 2227 60

161 2243 212 2290 et
240 2235 515 2304 quoniam,
547 2235 637 2303 qui
669 2235 761 2298 sis,
792 2235 1028 2288 nondum
1057 2236 1432 2304 quaerentibus
1464 2239 1580 2303 ed0,

228 2305 395 2359 Ibidis
425 2305 626 2359 interea
655 2315 712 2359 tu
744 2323 954 2375 quoque
985 2325 1176 2360 nomen
1208 2307 1362 2361 habe.

157 2385 320 2447 utque
350 2376 455 2430 mei
485 2395 668 2431 versus
699 2377 1025 2446 aliquantum
1056 2378 1223 2431 noctis
1255 2378 1543 2442 habebunt,

229 2447 303 2502 sic
333 2447 472 2502 vitae
503 2448 664 2502 series
696 2457 807 2501 tota
837 2448 903 2501 sit
933 2460 1047 2501 atra
1077 2458 1215 2502 tuae.

74 2524 91 2548 ·’
157 2517 288 2573 haec
317 2518 412 2572 tibi
442 2519 604 2572 natali
633 2519 793 2573 facito
824 2519 1045 2589 Ianique
1076 2520 1338 2574 Kalendis
1899 2541 1955 2581 65

226 2607 333 2644 non
362 2590 645 2644 mentituro
675 2590 897 2660 quilibet
927 2609 1016 2644 ore
1046 2591 1203 2661 legat.

157 2661 210 2714 di
241 2661 399 2714 maris
429 2670 482 2715 et
510 2670 703 2724 terrae,
735 2662 931 2730 quique
964 2660 1045 2714 his
1076 2662 1294 2715 meliora
1324 2662 1513 2717 tenetis

226 2731 363 2786 inter
392 2731 625 2785 diversos
657 2749 777 2784 cum
808 2733 937 2786 Iove
965 2751 1132 2803 regna
1161 2734 1328 2803 polos,

54 2827 78 2837 κ»
156 2802 286 2866 huc,
317 2820 526 2873 precor,
557 2802 661 2855 huc
691 2821 873 2856 omnes
903 2814 1105 2856 vestras
1137 2804 1391 2858 advertite
1423 2814 1642 2868 menteS,

228 2883 281 2928 et
311 2873 463 2940 sinite
494 2873 684 2943 optatis
714 2874 921 2944 pondus
951 2875 1123 2928 inesse
1153 2875 1300 2928 meis·
1898 2898 1955 2937 70

154 2945 376 3015 ipsaque
407 2952 466 2997 tu
496 2944 674 3006 tellus,
706 2944 880 3014 ipsum
911 2963 1032 2997 cum
1060 2945 1308 3008 fluctibus
1339 2963 1552 3014 aequor,

227 3016 340 3086 ipse
372 3033 515 3069 meas
547 3015 728 3068 aether
758 3015 937 3085 accipe
970 3034 1172 3068 summe
1203 3033 1409 3085 preces:

157 3086 435 3156 sideraque
466 3094 516 3140 et
544 3085 705 3139 radiis
736 3085 1059 3139 circumdata
1089 3086 1210 3139 solis
1240 3086 1435 3156 imagO,

227 3158 480 3226 lunaque,
512 3175 647 3226 quae
677 3175 990 3227 numquam,
1021 3175 1126 3225 quo
1157 3157 1329 3227 priuS,
1361 3158 1488 3211 orbe
1517 3158 1699 3223 micaS,

157 3245 370 3298 noxque
398 3228 735 3282 tenebrarum
767 3229 939 3299 specie
971 3228 1257 3282 reverenda
1288 3239 1515 3292 tuarum,
1898 3250 1953 3289 75

230 3317 471 3368 quaeque
500 3309 671 3352 ratum
704 3299 893 3369 triplici
923 3299 1111 3369 pollice
1141 3299 1275 3352 netis
1307 3317 1456 3370 Opim,

159 3369 355 3438 quique
383 3388 480 3452 per
508 3370 739 3424 infernas
770 3370 1029 3424 horrendo
1059 3389 1327 3424 murmure
1359 3371 1520 3424 valles

231 3440 581 3510 inpenuratae
610 3441 800 3495 laberis
829 3442 998 3495 amnis
1030 3459 1215 3510 aquae,

161 3527 399 3581 quasque
429 3510 607 3564 serunt
635 3522 770 3565 torto
801 3513 997 3566 vittatis
1028 3531 1202 3582 angue
1233 3512 1432 3582 capillis
