2158 3906
392 261 463 317 26
918 275 974 318 P.
1007 275 1214 321 ovmn
1244 274 1513 322 NASONIS
1547 290 1549 293 ·

276 391 365 432 340
465 375 684 438 vellera,
715 375 984 445 pertimuit
1014 375 1367 444 sustinuitque
1397 397 1630 441 manum,

395 447 752 513 attonitusque
783 455 929 498 metu
958 446 1136 509 rediit,
1166 455 1226 498 ut
1255 466 1412 517 saepe
1443 449 1611 501 viator

465 517 735 568 turbatum
764 516 877 567 viso
906 517 1107 569 rettulit
1136 536 1309 588 angue
1339 519 1546 590 pedem.

392 586 516 639 inde
545 587 667 647 tori,
699 586 791 654 qui
818 587 1029 639 iunctus
1061 597 1195 650 erat,
1226 589 1488 642 velamina
1517 591 1687 661 tangit

462 657 661 717 mollia,
692 656 934 709 mendaci
964 658 1325 728 decipiturque
1356 670 1496 712 nota.

276 744 362 783 345
393 727 627 781 ascendit
657 728 963 796 spondaque
994 729 1095 781 sibi
1125 730 1367 799 propiore
1397 732 1671 794 recumbit,

464 807 516 851 et
545 797 807 849 tumidum
837 817 1000 851 cornu
1031 800 1213 852 durius
1243 801 1442 871 inguen
1472 811 1600 854 erat.

328 891 333 895 -
391 869 592 921 interea
620 869 825 922 tunicas
856 887 949 922 ora
978 871 1224 923 subducit
1254 873 1322 924 ab
1351 872 1482 924 ima:

463 939 747 991 horrebant
778 939 952 992 densis
986 960 1172 1011 aspera
1202 960 1356 995 crura
1385 943 1521 1012 pilis.

393 1018 567 1063 cetera
596 1018 941 1080 temptantem
972 1012 1146 1064 subito
1177 1012 1486 1081 Tirynthius
1517 1013 1670 1066 heros

276 1095 362 1135 350
462 1081 714 1150 reppulit:
747 1100 776 1134 e
808 1101 1014 1134 summo
1045 1083 1239 1135 decidit
1267 1084 1355 1137 ille
1385 1092 1517 1136 toro·

389 1151 449 1203 fit
479 1170 663 1214 sonus3
694 1152 943 1205 inclamat
973 1154 1189 1207 comites
1220 1163 1271 1207 et
1299 1155 1499 1207 lumina
1528 1155 1697 1225 poscit

461 1223 723 1275 MaeoniS.
796 1223 971 1277 inlatis
1001 1225 1213 1294 ignibus
1244 1234 1362 1279 acta
1391 1235 1588 1296 patent.

390 1293 477 1346 ille
508 1294 696 1363 gemit,
726 1294 861 1347 lecto
891 1296 1124 1364 graviter
1154 1296 1389 1349 deiectus
1420 1297 1488 1349 ab
1519 1297 1641 1358 alto,

460 1365 802 1432 membraque
833 1366 898 1418 de
930 1366 1062 1419 dura
1091 1367 1181 1419 vix
1212 1386 1309 1419 sua
1338 1368 1473 1420 tollit
1501 1367 1680 1420 humo,

275 1436 359 1489 355
389 1434 526 1487 ridet
556 1447 606 1488 et
639 1436 879 1498 Alcides,
911 1445 962 1489 et
991 1437 1083 1505 qui
1114 1438 1291 1491 videre
1322 1438 1598 1501 iacentem,

459 1506 596 1559 ridet
627 1516 913 1560 amatorem
945 1507 1104 1577 Lyda
1133 1509 1310 1578 puella
1341 1528 1512 1561 suum.

388 1586 536 1630 veste
568 1577 696 1630 deus
726 1578 872 1631 lusus
903 1578 1142 1631 fallentes
1172 1579 1373 1632 lumina
1401 1590 1573 1634 vestes

459 1666 567 1700 non
597 1657 738 1706 amat
768 1657 819 1702 et
846 1649 1016 1701 nudos
1048 1650 1116 1702 ad
1146 1669 1242 1703 sua
1273 1669 1422 1703 sacra
1452 1660 1620 1703 vocat.
1651 1681 1724 1691 —-

390 1719 525 1771 adde
556 1719 846 1789 peregrinis
877 1739 1087 1783 causaS‚
1118 1740 1237 1774 mea
1265 1721 1452 1784 Musa,
1483 1721 1723 1785 LatinaS,

274 1803 360 1843 360
459 1790 619 1858 inque
650 1809 746 1842 suo
775 1800 953 1843 noster
982 1793 1198 1861 pulvere
1229 1801 1405 1844 currat
1434 1810 1618 1860 equus.

390 1861 659 1930 cornipedi
688 1861 878 1914 Fauno
909 1880 1063 1915 caesa
1093 1863 1159 1915 de
1189 1881 1334 1916 more
1365 1864 1567 1933 capella

459 1931 604 1984 venit
634 1932 702 1984 ad
732 1932 951 2001 exiguas
982 1933 1138 1986 turba
1168 1943 1356 1988 vocata
1385 1934 1567 2004 dapes,

389 2001 621 2070 dumque
653 2003 949 2056 sacerdotes
980 2004 1191 2057 veribus
1222 2014 1462 2057 transuta
1491 2005 1707 2075 salignis

459 2082 581 2126 exta
609 2082 819 2143 parant,
849 2074 1051 2128 medias
1082 2075 1191 2129 sole
1221 2084 1431 2129 tenente
1462 2076 1591 2138 vias,

272 2158 355 2198 365
386 2143 647 2203 Romulus
677 2153 731 2198 et
759 2145 921 2198 frater
951 2147 1334 2216 pastoralisque
1363 2147 1609 2199 iuventus

458 2215 654 2267 solibus
685 2223 738 2268 et
768 2234 955 2285 campo
986 2235 1206 2287 corpora
1234 2218 1377 2270 nuda
1408 2218 1620 2270 dabant.

386 2286 650 2339 caestibus
681 2295 733 2339 et
761 2286 946 2340 iaculis
977 2296 1030 2340 et
1058 2288 1218 2340 misso
1247 2289 1479 2358 pondere
1510 2289 1623 2340 saxi

458 2356 705 2410 bracchia
732 2376 828 2427 per
854 2358 1003 2411 lusus
1033 2359 1352 2428 experienda
1382 2359 1600 2411 dabant:
1664 2408 1669 2413 .

275 2474 277 2478 .
384 2436 564 2497 pastor
594 2427 662 2479 ab
692 2428 900 2481 excelso
931 2434 1050 2498 ‘per
1079 2429 1234 2482 devia
1263 2449 1387 2482 rura
1415 2430 1683 2492 iuvencos,‚

270 2513 357 2554 370
456 2498 708 2561 Romule,
739 2499 1056 2568 praedones,
1088 2509 1140 2552 et
1168 2500 1386 2554 Reme!'
1419 2501 1550 2553 dixit
1581 2502 1804 2571 ‘agunt.'

384 2567 605 2638 longum
636 2578 747 2623 erat
777 2571 992 2623 armari:
1024 2570 1244 2623 diversis
1275 2572 1382 2624 exit
1410 2582 1632 2639 uterque

456 2639 712 2709 partibus.
786 2659 1008 2693 occursu
1038 2642 1235 2710 praeda
1263 2651 1475 2711 recepta
1504 2643 1675 2695 Remi.

384 2718 446 2762 ut
474 2710 652 2773 rediit,
683 2711 895 2764 veribus
928 2712 1198 2765 stridentia
1228 2712 1454 2766 detrahit
1484 2724 1606 2766 exta

457 2789 615 2849 atque
646 2781 720 2834 ait
749 2781 905 2835 ‘haec
936 2791 1076 2836 certe
1108 2801 1215 2836 non
1242 2784 1346 2836 nisi
1375 2784 1542 2836 victor
1572 2785 1724 2837 edet.'

270 2866 354 2907 375
387 2851 528 2904 dicta
556 2852 706 2915 facit,
737 2853 998 2921 Fabiique
1030 2854 1202 2907 simul.
1275 2855 1419 2908 venit
1448 2855 1634 2907 inritus
1672 2857 1797 2910 illuc

455 2922 716 2982 Romulus
747 2933 799 2977 et
827 2943 1035 2977 mensas
1067 2944 1291 2994 ossaque
1322 2926 1465 2978 nuda
1495 2927 1653 2979 videt.

383 2993 497 3045 risit
527 3002 579 3046 et
607 2994 853 3058 indoluit,
883 2995 1081 3049 Fabios
1111 2997 1346 3066 potuisse
1376 2997 1709 3066 Remumque

455 3064 690 3127 vincere,
723 3064 1009 3131 Quintilios
1038 3085 1145 3119 non
1175 3067 1408 3136 potuisse
1439 3086 1578 3120 suos.

275 3186 277 3189 .
383 3133 528 3186 fama
557 3144 733 3187 manet
762 3136 913 3188 fact-i:
944 3138 1114 3206 posito
1145 3138 1404 3190 velamine
1435 3148 1668 3200 currunt,

268 3219 355 3259 380
456 3213 508 3257 et
536 3223 821 3260 memorem
852 3207 1072 3273 famam,
1104 3208 1247 3275 quod
1278 3208 1412 3260 bene
1443 3209 1621 3270 cessit,
1654 3209 1828 3261 habet.
1859 3239 1935 3251 —-

381 3274 603 3328 forsitan
633 3284 685 3328 et
714 3294 959 3343 quaeras,
991 3295 1085 3329 cur
1115 3278 1181 3328 sit
1209 3277 1355 3329 locus
1386 3278 1472 3330 ille
1504 3278 1786 3348 Lupercal,

455 3363 658 3414 quaeve
688 3346 827 3398 diem
857 3348 947 3398 tali
976 3347 1186 3400 nomine
1218 3366 1376 3400 causa
1404 3349 1581 3400 notet?

385 3414 555 3469 Silvia
584 3416 814 3472 Vestalis
847 3418 1091 3471 caelestia
1122 3419 1322 3471 semina
1351 3427 1505 3488 partu
