2158 3906
522 341 838 389 TRISTIUM
867 341 987 386 LIB.
1019 342 1107 386 111.
1138 342 1175 398 1,
1206 341 1354 398 9-11‚
1386 340 1454 386 12.
1743 329 1850 382 149

70 459 74 462 ’
139 465 224 502 me
254 442 526 499 miserum!
559 462 848 514 vereorque
879 444 1054 497 locum
1084 461 1374 512 vereorque
1403 451 1686 513 potentem,

210 527 261 570 et
291 515 523 586 quatitur
553 515 756 585 trepido
786 516 959 568 littera
988 524 1167 567 nostra
1197 525 1357 567 metu.

139 586 328 659 aspicis
361 586 617 655 exsangui
649 585 884 639 chartam
916 586 1110 667 pallere
1142 585 1347 639 colore?
1877 601 1930 640 55

209 656 397 728 aspicis
429 656 654 709 alternos
685 656 1017 709 intremuisse
1048 656 1242 726 pedes?

52 790 57 799 ¹
138 727 601 799 quandocumque,
632 745 841 797 precor,
871 736 1050 779 nostro
1082 728 1289 796 placata
1319 726 1526 798 parenti

207 799 374 853 isdem
406 797 505 851 sub
537 798 761 850 dominis
794 798 1048 868 aspiciare
1080 797 1315 850 domusl'

77 886 79 890 '
136 869 258 924 inde
288 878 468 923 tenore
499 869 612 951 pari
642 868 896 952 gradibus
929 868 1173 921 sublimia
1203 869 1354 922 celsis

208 940 373 994 ducor
402 939 469 993 ad
499 949 692 993 1ntons1
725 939 950 993 candida
980 940 1177 1010 templa
1207 939 1308 1002 dei,
1878 954 1934 995 σο

9 1048 11 1056 ·
138 1011 288 1083 signa
317 1010 625 1081 peregrinis·
642 1010 734 1063 ubi
766 1020 887 1063 sunt
917 1011 1118 1064 alterna
1149 1010 1405 1063 columnis

68 1292 70 1294 ’
136 1294 456 1365 quaerebam
486 1294 698 1363 fratres,
731 1293 964 1364 exceptis
997 1293 1070 1345 sci

206 1082 419 1136 Belides
452 1090 505 1135 et
536 1081 714 1135 stricto
747 1081 1001 1134 barbarus
1032 1100 1156 1135 ense
1187 1090 1351 1151 pater,

8 1151 10 1154 ’
136 1170 377 1223 quaeque
408 1152 505 1206 viri
536 1152 690 1206 docto
721 1161 924 1206 veteres
955 1170 1174 1222 coepere
1205 1152 1435 1219 novique

207 1233 443 1294 pectore,
474 1224 685 1277 lecturis
716 1222 1043 1292 inspicienda
1109 1231 1269 1275 atent.

1071 1242 1194 1345 licet
1224 1291 1343 1354 illis,
1878 1306 1931 1346 65

206 1383 338 1435 quos
369 1384 495 1418 suus
527 1374 732 1435 optaret
760 1382 866 1416 non
896 1364 1142 1434 genuisse
1173 1371 1344 1432 pater:

136 1446 477 1506 quaerentem
507 1436 702 1488 frustra
732 1444 907 1488 custos
938 1453 967 1487 e
999 1433 1212 1487 sedibus
1243 1432 1343 1485 illis

206 1506 533 1578 praepositus
565 1515 746 1559 sancto
775 1505 926 1558 iussit
957 1504 1102 1558 abire
1132 1504 1266 1556 loco·

137 1578 299 1632 altera
328 1577 524 1648 templa
553 1585 698 1647 pet0,
730 1575 903 1629 vicino
934 1575 1114 1628 iuncta
1143 1574 1370 1627 theatro:

205 1648 336 1702 haec
368 1665 578 1718 quoque
609 1656 758 1701 erant
787 1646 1011 1718 pedibus
1042 1664 1147 1699 non
1179 1643 1423 1699 adeunda
1454 1644 1600 1698 meis.
1880 1661 1933 1700 70

134 1737 232 1774 nec
261 1738 370 1782 me,
401 1736 538 1788 quae
570 1718 737 1772 doctis
768 1727 1053 1788 patuerunt
1083 1717 1252 1788 prima
1284 1715 1489 1777 libellis,

208 1789 340 1844 atria
368 1789 616 1843 Libertas
647 1798 865 1859 tangere
934 1805 1053 1842 assa
1084 1806 1180 1841 sua
1211 1798 1305 1840 est.

134 1861 188 1915 in
219 1879 387 1932 genus
425 1860 654 1914 auctoris
684 1860 861 1914 miseri
915 1868 1105 1913 ortuna
1136 1858 1414 1922 redundat,

207 1941 259 1986 et
289 1931 518 2003 patimur
546 1931 683 1994 nati,
715 1948 875 2000 quam
906 1931 1024 1984 tulit
1053 1930 1189 2001 ipse,
1221 1930 1424 1999 fugam.

135 2003 355 2057 forsitan
386 2011 438 2056 et
467 2002 619 2055 nobis
651 2002 775 2055 olim
804 2002 979 2055 minus
1012 2020 1167 2072 asper
1196 2011 1249 2055 et
1278 2000 1354 2053 illi
1880 2017 1934 2056 75

208 2074 408 2128 evictus
437 2073 596 2144 longo
627 2082 863 2144 tempore
895 2071 1097 2126 Caesar
1127 2072 1240 2125 erit.

136 2145 205 2210 di,
266 2162 429 2208 recor,
455 2154 612 2213 atque
630 2144 762 2198 adeo
779 2175 823 2181 —-
837 2161 1010 2212 neque
1028 2143 1167 2196 enim
1183 2141 1312 2195 mihi
1328 2141 1483 2195 turba
1500 2141 1736 2212 roganda
1754 2152 1829 2195 est
1847 2172 1894 2180 —

209 2164 432 2278 &aesan
464 2215 590 2268 ades
620 2224 770 2278 voto,
801 2215 1029 2268 maxime
1061 2213 1206 2276 dive,
1236 2213 1380 2266 meol

135 2287 358 2350 interea,
392 2285 642 2356 quoniam
674 2286 828 2339 statio
858 2285 987 2338 mihi
1017 2284 1231 2355 publica
1261 2285 1442 2338 clausa
1472 2293 1568 2346 est,

206 2357 411 2428 privato
440 2357 595 2411 liceat
626 2356 894 2410 delituisse
925 2357 1057 2409 loco·
1879 2373 1936 2412 80

137 2447 230 2482 vos
260 2446 496 2498 quoque,
529 2427 573 2481 si
602 2427 683 2481 fas
716 2437 818 2490 est,
851 2428 1072 2480 confusa
1102 2426 1305 2497 pudore
1336 2427 1580 2496 repulsae

207 2498 422 2562 sumite,
454 2499 715 2570 plebeiae,
749 2499 981 2552 carmina
1012 2509 1214 2561 nostra,
1245 2516 1449 2550 manus.

955 2612 1029 2665 ΙΙ.

128 2710 282 2783 ¹Ergo
313 2721 425 2766 erat
452 2712 508 2765 in
537 2711 658 2765 fatis
692 2711 966 2781 Scythiam
998 2729 1210 2780 quoque
1241 2711 1411 2764 visere
1443 2710 1651 2773 nostrie,

208 2800 448 2852 quaeque
480 2782 752 2851 Lycaonio
784 2793 922 2835 terra
953 2783 1052 2835 sub
1085 2801 1182 2834 axe
1213 2782 1372 2843 iacet,

136 2871 233 2906 nec
263 2871 382 2916 voe,
413 2853 677 2916 Pierides,
708 2872 805 2906 nec
837 2853 992 2922 stirps
1025 2852 1239 2915 Letoia,
1271 2862 1445 2904 vestro

209 2923 363 2977 docta
393 2923 652 2977 sacerdoti
683 2924 837 2976 turba
867 2923 1056 2976 tulistis
1087 2941 1258 2992 opem.

137 3013 234 3048 nec
264 2993 416 3057 mihi,
448 2995 590 3063 quod
619 2994 721 3047 lusi
752 3013 876 3047 vero
909 2994 1019 3046 sine
1050 2993 1289 3055 crimine,
1321 2992 1551 3062 prodest,
1876 3012 1903 3050 5

209 3065 456 3135 quodque
486 3065 656 3135 magis
687 3065 795 3118 vita
824 3065 986 3117 Musa
1016 3063 1188 3117 iocata
1217 3083 1335 3116 mea
1366 3074 1469 3116 est:

139 3136 362 3206 plurima
392 3137 485 3190 sed
514 3138 704 3207 pelago
722 3146 978 3205 ‘terraque
1010 3135 1244 3205 pericula
1272 3154 1490 3204 passum

209 3216 358 3261 ustus
390 3207 458 3261 ab
490 3208 701 3260 assiduo
732 3207 927 3278 frigore
959 3206 1165 3259 Pontus
1195 3206 1373 3258 habet.

141 3276 334 3347 quique
364 3278 531 3349 fugax
561 3298 735 3332 rerum
769 3295 1055 3345 securaque
1086 3277 1140 3330 in
1171 3277 1277 3330 otia
1306 3285 1479 3339 natus,

210 3349 380 3402 mollis
411 3359 463 3403 et
490 3350 767 3420 impatiens
799 3359 918 3402 ante
948 3349 1142 3401 laboris
1174 3368 1334 3410 eram,
1879 3368 1930 3406 10

141 3417 326 3472 ultima
355 3438 496 3473 nunc
524 3421 716 3490 patior3
747 3439 845 3474 nec
875 3440 959 3474 me
990 3439 1134 3472 mare
1166 3419 1401 3489 portibus
1434 3419 1622 3471 orbum

214 3489 457 3560 perdere,
489 3491 725 3546 diversae
755 3510 853 3546 nec
882 3501 1101 3562 potuere
1132 3491 1267 3543 viae.
