2158 3906
390 286 466 347 62,
947 299 1001 342 P.
1034 298 1241 344 ov1D11
1270 299 1543 345 NASONIS

463 409 576 452 tuta
605 400 706 453 fuit
735 401 900 462 factO,
929 418 1130 468 vosque
1160 400 1354 454 referre
1384 402 1547 454 iubet.

279 488 359 526 145
392 470 574 523 discite
603 489 768 531 nunc,
801 488 964 537 quare
993 470 1261 524 Fortunae
1292 481 1410 524 tura
1438 471 1596 526 Virili

464 541 595 593 detis
628 559 713 602 e0‚
746 541 916 592 calida
946 540 1037 608 qui
1066 541 1213 594 locus
1244 551 1390 596 umet
1421 560 1576 610 aqua.

392 612 580 680 accipit
610 611 696 663 ille
725 612 873 664 locus
903 611 1074 681 posito
1104 613 1364 669 velamine
1395 623 1612 666 cunctas

464 691 515 734 et
545 681 731 733 vitium
760 681 890 733 nudi
921 682 1152 752 corporis
1183 702 1338 737 omne
1368 684 1529 738 videt.

390 760 450 804 ut
479 761 624 821 tegat
654 751 754 804 hoc
785 753 1022 821 celetque
1053 754 1218 816 viros,
1248 755 1488 808 Fortuna
1517 755 1701 809 Virilis

278 839 359 877 150
462 831 716 891 praestat,
749 831 800 876 et
829 823 930 876 hoc
960 842 1124 893 parvo
1155 834 1270 878 ture
1301 834 1489 895 rogata
1517 826 1661 879 facit.

390 911 488 945 nec
517 893 697 962 pigeat
726 894 907 946 tritum
936 895 1090 948 niveo
1121 914 1242 948 cum
1273 896 1409 949 lacte
1438 915 1672 966 papaver

464 983 669 1017 sumere
700 973 752 1017 et
782 966 1042 1035 expressis
1073 967 1229 1018 mella
1258 967 1458 1035 liquata
1487 967 1640 1020 favis.

392 1051 513 1086 cum
543 1035 771 1104 primum
802 1037 993 1105 cupido
1025 1037 1210 1091 Venus
1241 1047 1319 1090 est
1349 1038 1578 1091 deducta
1606 1037 1814 1102 marim,

462 1106 561 1158 hoc
593 1106 748 1159 bibit:
780 1126 845 1159 ex
875 1108 964 1160 illo
995 1116 1231 1178 tempore
1260 1117 1427 1178 nupta
1455 1109 1574 1162 fuit.

280 1192 359 1231 155
392 1176 717 1247 supplicibus
748 1178 923 1231 verbis
954 1178 1098 1231 illam
1128 1180 1358 1248 placate:
1391 1180 1491 1232 sub
1520 1180 1612 1232 illa

463 1258 514 1301 et
544 1247 714 1301 forma
744 1259 796 1302 et
826 1268 997 1302 mores
1028 1262 1079 1303 et
1111 1250 1251 1303 bona
1279 1250 1424 1303 fama
1452 1260 1646 1303 manet.

390 1318 563 1371 Roma
592 1319 846 1389 pudicitia
874 1339 1193 1390 proavorum
1224 1332 1458 1391 tempore
1487 1322 1637 1391 lapsa
1667 1330 1771 1376 est:

463 1388 777 1458 Cymaeam,
808 1401 1036 1454 veteres,
1057 1392 1401 1445 consuluistis
1433 1411 1609 1445 anum.

389 1461 586 1530 templa
614 1461 762 1514 iubet
791 1462 904 1514 fieri
934 1463 1153 1524 Veneri3
1186 1463 1377 1531 quibus
1408 1463 1590 1516 ordine
1620 1463 1772 1517 factis

277 1547 359 1586 160
422 1588 424 1590 ,
459 1531 583 1586 inde
613 1532 797 1586 Venus
828 1551 979 1586 verso
1008 1534 1222 1586 nomina
1251 1535 1409 1588 corde
1439 1543 1598 1588 tenet.

389 1620 597 1672 semper
627 1603 694 1655 ad
724 1604 1006 1657 Aeneadas
1038 1605 1270 1675 placid0,
1301 1605 1677 1675 pulcherrima,
1710 1605 1860 1658 voltu

460 1673 663 1742 respice
692 1683 873 1743 totque
905 1684 1047 1738 tuaS,
1080 1675 1225 1738 diva,
1256 1686 1403 1729 tuere
1432 1695 1614 1728 nurus‚
1646 1705 1718 1713 -—

390 1743 519 1796 dum
547 1745 756 1812 loquor,
788 1746 954 1799 elatae
985 1747 1299 1799 metuendus
1331 1747 1572 1799 acumine
1602 1745 1804 1801 caudae

462 1813 712 1885 Scorpios
742 1816 797 1868 in
826 1817 1004 1869 viridis
1035 1817 1411 1886 praecipitatur
1441 1835 1623 1886 aquas.

275 1971 356 2011 165
386 1955 509 2008 Nox
538 1957 631 2008 ubi
661 1957 945 2021 transierit,
978 1959 1289 2027 caelumque
1319 1959 1599 2014 rubescere
1628 1959 1798 2030 primo
1875 1957 1924 2002 2·
1955 1958 2095 2018 D[F1

460 2028 713 2097 coeperit,
746 2038 798 2081 et
828 2038 998 2083 tactae
1028 2047 1145 2082 rore
1176 2039 1464 2098 querentur
1493 2050 1637 2094 aveS,

357 2126 363 2161 5
387 2098 797 2167 semiustamque
827 2100 1000 2153 facem
1030 2101 1245 2171 vigilata
1274 2109 1428 2155 nocte
1458 2101 1630 2155 viator

458 2179 642 2238 ponet,
674 2180 726 2223 et
757 2171 825 2223 ad
855 2171 1066 2224 solitum
1096 2172 1323 2225 rusticus
1354 2173 1452 2225 ibit
1482 2191 1640 2243 opus:

385 2239 630 2294 Pleiades
660 2242 913 2311 incipient
941 2261 1150 2296 umeros
1180 2244 1414 2297 relevare
1444 2254 1707 2313 paternOS,

273 2327 355 2365 170
457 2328 594 2381 quae
626 2321 825 2381 septem
857 2313 984 2375 dici,
1016 2333 1109 2367 sex
1139 2323 1316 2366 tamen
1347 2333 1460 2368 esse
1492 2315 1685 2368 solent:

387 2400 479 2434 seu
511 2383 655 2449 quod
684 2384 738 2434 in
768 2384 1072 2453 amplexum
1103 2403 1195 2437 sex
1225 2385 1347 2437 hinc
1377 2404 1568 2439 venere
1600 2386 1820 2440 deorum
1849 2414 1923 2426 —-

456 2472 580 2504 nam
612 2452 871 2523 Steropen
901 2455 1067 2507 Marti
1097 2455 1444 2509 concubuisse
1475 2457 1675 2510 ferunt:

383 2521 635 2592 Neptuno
665 2525 946 2593 Alcyonen
977 2535 1028 2578 et
1058 2535 1133 2587 te,
1164 2526 1397 2580 formosa
1428 2525 1686 2581 Celaeno:

455 2594 643 2647 Maian
674 2604 726 2648 et
754 2595 1022 2649 Electram
1052 2596 1436 2666 Taygetenque
1466 2598 1605 2652 Iovi:

272 2680 354 2719 175
386 2665 611 2734 septima
639 2667 844 2719 mortali
873 2668 1096 2737 Merope
1128 2668 1248 2730 tibi,
1282 2668 1536 2739 Sisyphe,
1567 2669 1769 2740 nupsit:

454 2737 710 2805 paenitet,
742 2747 793 2790 et
823 2738 949 2791 facti
979 2740 1092 2792 sola
1120 2740 1322 2809 pudore
1352 2740 1480 2794 latet
1508 2771 1596 2804 -,

385 2805 495 2859 sive
526 2807 670 2875 quod
699 2807 913 2862 Electra
942 2809 1135 2862 Troiae
1167 2820 1404 2879 spectare
1434 2811 1613 2865 ruinas

359 2938 363 2939 ⁷
453 2896 560 2930 non
589 2878 731 2942 tulit,
763 2890 882 2934 ante
913 2881 1092 2934 oculos
1123 2882 1476 2951 opposuitque
1505 2901 1738 2935 manum.

250 3079 253 3081 ‚
382 3018 513 3081 Ter,
545 3020 680 3083 sine,
710 3031 964 3091 perpetuo
995 3024 1202 3076 caelum
1232 3033 1470 3077 versetur
1498 3025 1552 3077 in
1583 3044 1699 3088 axe,
1923 3022 1971 3067 3·
2000 3022 2103 3083 EQ

270 3104 353 3143 180
454 3099 534 3142 ter
562 3091 747 3160 iungat
777 3090 936 3145 Titan
967 3103 1151 3162 terque
1181 3095 1409 3147 resolvat
1438 3113 1626 3162 equos:
1751 3077 2089 3172 filffflffflffg'
2157 3147 2158 3179 ζ

380 3161 620 3228 protinus
650 3163 842 3215 inflexo
874 3165 1190 3233 Berecyntia
1219 3165 1349 3217 tibia
1379 3183 1542 3218 cornu

454 3231 625 3294 flabit,
656 3241 708 3285 et
737 3233 930 3286 Idaeae
960 3234 1096 3286 festa
1124 3235 1356 3303 parentis
1387 3246 1556 3288 erunt.

381 3300 533 3353 ibunt
563 3302 867 3356 semimares
899 3313 950 3357 et
979 3304 1156 3357 inania
1185 3314 1437 3375 tympana
1462 3307 1708 3371 tundent,

454 3390 678 3440 aeraque
709 3374 927 3427 tinnitus
958 3394 1077 3427 aere
1105 3376 1317 3444 repulsa
1347 3377 1564 3430 dabunt.

269 3459 350 3499 185
381 3443 498 3513 ipsa
528 3444 716 3497 sedens
746 3444 892 3499 molli
922 3446 1173 3498 comitum
1204 3447 1407 3501 cervice
1438 3448 1636 3502 feretur
