2158 3906
333 275 417 331 ’58
897 288 953 333 Ρ.
986 288 1194 334 OVIDII
1221 288 1493 335 NASONIS

350 399 403 444 et
433 409 579 443 soror
609 400 660 443 et
688 391 943 452 Phrixus,
974 390 1135 442 velati
1164 398 1402 460 tempora
1430 391 1589 454 vittis,

422 470 561 514 stant
592 461 746 513 simul
777 470 896 513 ante
928 479 1045 512 aras
1075 461 1357 530 iunctaque
1388 462 1499 514 fata
1528 471 1767 532 gemunt.

351 532 537 601 aspicit
567 532 687 593 hos,
718 540 777 583 ut
807 531 942 584 f01te
971 532 1295 601 pependerat
1325 532 1559 596 aethere,
1590 543 1774 597 mater,

421 612 474 655 et
503 602 624 655 ferit
654 601 874 653 attonita
903 611 1118 671 pectora
1146 603 1291 656 nuda
1319 623 1504 656 manu:

230 690 317 730 865
349 672 509 741 inque
540 672 948 741 draconigenam
977 673 1171 726 nimbis
1201 675 1572 728 comitantibus
1603 675 1790 729 urbem

421 743 593 796 desilit
623 752 675 796 et
703 753 855 795 natos
886 744 1039 814 eripit
1068 744 1191 797 inde
1223 764 1365 798 suos.

349 823 513 882 utque
543 813 728 883 fugam
759 814 994 884 capiant,
1026 815 1160 868 aries
1191 815 1564 869 nitidissimus
1568 835 1697 871 auro

420 884 666 937 traditur:
698 885 786 938 ille
817 885 962 938 vehit
990 903 1085 955 per
1113 886 1250 939 freta
1277 887 1440 956 longa
1469 870 1619 940 duos.

351 955 541 1008 dicitur
569 955 776 1008 infirma
806 974 971 1009 cornu
1000 957 1231 1010 tenuisse
1263 957 1474 1010 sinistra

231 1044 319 1083 870
420 1026 639 1089 femina,
671 1045 791 1079 cum
823 1026 889 1080 de
919 1046 975 1080 se
1005 1027 1221 1080 nomina
1249 1028 1376 1082 fecit
1406 1046 1593 1097 aquae.

349 1116 517 1167 paene
549 1097 704 1150 simul
735 1098 913 1167 periit,
944 1098 1072 1151 dum
1102 1099 1212 1151 volt
1243 1117 1546 1153 succurrere
1576 1100 1772 1170 lapsae,

422 1168 606 1231 frater3
639 1178 690 1222 et
721 1178 959 1222 extentas
989 1170 1210 1240 porrigit
1239 1189 1408 1239 usque
1437 1189 1642 1223 manus.

349 1239 533 1302 flebat,
564 1249 625 1291 ut
654 1240 847 1292 amissa
875 1241 1072 1310 gemini
1105 1250 1345 1295 consorte
1374 1242 1572 1311 pericli,

422 1311 661 1364 caeruleo
691 1312 926 1364 iunctam
954 1312 1162 1365 nescius
1194 1331 1309 1366 esse
1339 1312 1456 1365 dec.

231 1398 317 1439 875
349 1381 589 1435 litoribus
620 1381 773 1434 tactis
806 1382 964 1435 Aries
994 1383 1053 1435 fit
1084 1383 1251 1436 sidus:
1284 1392 1339 1436 at
1367 1383 1524 1436 huius

419 1453 658 1523 pervenit
686 1453 742 1505 in
774 1451 1002 1506 Colchas
1034 1473 1194 1507 aurea
1223 1455 1346 1507 lana
1377 1455 1578 1508 domos·

349 1595 482 1647 Tres
505 1594 598 1647 ubi
613 1595 894 1649 Luciferos
911 1596 1125 1649 veniens
1142 1596 1471 1666 praemiserit
1487 1595 1614 1659 Eos,
1646 1580 1725 1624 24·
1758 1582 1797 1625 Ο
1809 1579 2057 1681 ἕὲἷΕΧ·

419 1674 658 1736 tempora
687 1667 954 1720 nocturnis
985 1685 1155 1736 aequa
1187 1667 1375 1719 diurna
1404 1667 1559 1719 feres.
1642 1693 1722 1737 25·
1741 1693 1839 1737 DC
1872 1693 1952 1738 23·
1970 1693 2066 1739 Eo

348 1806 482 1861 Inde
527 1816 713 1876 quater
756 1818 935 1878 pastor
979 1818 1182 1861 saturos
1225 1808 1319 1860 ubi
1364 1808 1608 1861 clauserit
1717 1806 1799 1850 27·
1829 1807 1873 1850 F
1894 1808 1974 1851 ΛΡ

1061 1879 1276 1941 haedos,
1631 1863 2057 1941 Hmifflffifflffl

216 1965 320 2006 >880
422 1950 695 2003 canuerint
723 1949 917 2003 herbae
947 1968 1064 2003 rore
1094 1960 1302 2003 recente
1340 1958 1550 2018 quater:
1717 1949 1952 2034 ΒΕθΕξέΤ
1971 1993 2013 2036 G
2025 1993 2064 2037 0

348 2020 511 2073 Ianus
536 2020 835 2073 adorandus
853 2039 1078 2089 cumque
1094 2021 1194 2074 hoc
1214 2019 1513 2073 Concordia
1527 2021 1667 2074 mitis
1850 2025 1934 2091 29J
1962 2047 2064 2093 ΗΟ

420 2099 473 2144 et
501 2091 743 2144 Romana
774 2090 932 2144 Salus
963 2110 1158 2160 araque
1187 2091 1346 2145 Pacis
1376 2091 1490 2145 erit.
1852 2103 1932 2148 30,
1967 2106 2063 2150 Ao

349 2231 509 2285 Luna
532 2232 669 2302 regit
690 2233 901 2286 mensiS.
948 2233 1104 2286 huius
1130 2250 1342 2301 quoque
1366 2242 1606 2304 tempora
1627 2234 1823 2288 mensis
1866 2230 1941 2277 31·
1976 2232 2064 2278 00

418 2304 534 2355 finit
562 2304 833 2357 Aventino
864 2304 1025 2356 Luna
1054 2304 1276 2356 colenda
1304 2304 1449 2374 iugo.

926 2527 1120 2571 LIBER
1150 2526 1468 2581 QUARTUS.

349 2655 553 2718 ‘Alma,
584 2656 745 2719 fave,’
779 2656 890 2709 dixi
920 2658 1275 2727 ‘geminorum
1305 2667 1474 2711 mater
1503 2658 1814 2713 Amoruml'

423 2728 491 2780 ad
521 2738 694 2780 vatem
725 2729 898 2781 voltus
928 2729 1128 2782 rettulit
1155 2729 1247 2781 illa
1277 2747 1415 2781 suos·

351 2798 502 2867 ‘quid
532 2798 649 2850 tibi’
681 2798 754 2851 ait
785 2800 1050 2852 ‘mecumP
1082 2810 1220 2853 certe
1250 2799 1450 2852 maiora
1479 2801 1724 2854 canebas·

419 2889 549 2921 num
577 2874 727 2923 vetus
758 2870 812 2922 in
842 2871 988 2923 molli
1017 2881 1228 2940 pectore
1259 2871 1448 2924 volnus
1480 2870 1697 2925 habes?’

291 2956 322 2995 5
352 2940 502 3002 ‘sciS,
535 2940 672 3003 dea,’
704 2941 952 3010 respondi
983 2943 1072 2995 ‘de
1103 2942 1348 2995 volnere?
1422 2942 1558 3005 risit,
1591 2952 1644 2995 et
1673 2943 1853 2997 aether

198 3015 201 3019 '
421 3011 658 3093 protinus
689 3030 755 3065 ex
783 3013 874 3065 illa
902 3022 1050 3083 parte
1081 3031 1296 3066 serenus
1328 3022 1455 3066 erat.

350 3081 584 3134 ‘saucius
616 3102 682 3134 an
714 3102 896 3145 sanus,
927 3084 1187 3152 numquid
1217 3093 1308 3136 tua
1338 3084 1490 3153 signa
1519 3084 1738 3152 reliqui?

420 3161 479 3204 tu
509 3153 637 3204 mihi
654 3155 1018 3234 propositum,
1048 3164 1107 3206 tu
1137 3155 1266 3206 mihi
1295 3173 1503 3223 semper
1533 3173 1682 3224 opus.

350 3240 485 3291 quae
517 3222 716 3285 decuit,
746 3224 927 3293 primis
959 3225 1070 3277 sine
1101 3225 1317 3277 crimine
1346 3225 1567 3277 lusimus
1599 3226 1773 3278 annis.

266 3309 321 3349 10
422 3311 562 3346 nunc
593 3293 778 3346 teritur
807 3295 997 3347 nostris
1027 3313 1149 3347 area
1178 3295 1345 3347 maior
1374 3295 1538 3363 equis.

350 3372 588 3434 tempora
619 3382 740 3417 cum
770 3365 965 3426 causis,
997 3365 1274 3418 annalibus
1306 3375 1455 3418 eruta
1484 3366 1686 3436 prisciS,

420 3436 674 3506 lapsaque
706 3435 807 3488 sub
835 3445 998 3489 terras
1030 3445 1249 3506 ortaque
1280 3437 1451 3507 signa
1462 3456 1609 3491 canc.
