2158 3906
390 300 494 352 174
938 305 992 349 Ρ.
1027 305 1233 352 OV1D11
1262 303 1534 351 NASONIS

306 430 358 469 65
395 412 546 482 [haec
577 412 744 480 priUS,
776 417 835 460 ut
865 416 1178 467 memorant,
1209 425 1315 458 non
1345 406 1603 458 invidiosa
1632 404 1880 458 nefandis

463 500 558 534 nec
589 478 849 549 cupienda
879 478 1030 530 bonis
1060 496 1225 546 regna
1254 477 1510 529 Thoantis
1541 474 1732 545 erant.]

393 553 476 605 hic
506 569 600 621 pro
632 549 902 619 supposita
931 548 1080 618 virgo
1111 549 1364 617 Pelope'ia
1394 566 1550 601 cerva

464 640 610 674 sacra
641 620 770 673 deae
801 619 961 672 coluit
989 619 1393 686 qualiacumque
1425 636 1568 671 suae.
1942 676 1944 679 v

392 711 495 761 quo
526 701 831 761 postquam,
862 689 1083 741 dubium
1111 690 1229 759 pius
1262 709 1329 741 an
1361 689 1668 750 sceleratUS,
1702 685 1925 741 Orestes

309 782 361 820 70
464 771 679 816 exactus
709 761 858 813 furiis
889 769 1104 814 venerat
1131 760 1246 829 ipse
1277 760 1385 812 suis

393 843 444 887 et
475 846 649 886 comes
681 831 982 901 exemplum
1011 831 1122 884 veri
1150 831 1396 883 Phoceus
1427 831 1636 892 amoriS,

464 904 556 971 qui
586 903 691 955 duo
722 902 1055 971 corporibus,
1085 901 1349 954 mentibus
1379 920 1517 953 unus
1549 910 1713 964 erant,

393 975 629 1045 protinus
661 973 852 1027 evincti
882 972 1085 1025 tristem
1115 972 1380 1026 ducuntur
1409 972 1478 1024 ad
1507 990 1670 1033 aram,

465 1064 600 1114 quae
631 1045 804 1097 stabat
833 1043 1070 1114 geminas
1102 1052 1221 1097 ante
1253 1052 1471 1096 cruenta
1499 1042 1657 1096 fores.

310 1133 362 1172 75
394 1135 492 1170 nec
521 1126 697 1169 tamen
727 1115 867 1167 hunc
899 1133 994 1168 sua
1023 1133 1164 1167 mors
1194 1132 1292 1167 nec
1321 1132 1462 1166 mors
1493 1132 1590 1166 sua
1618 1111 1803 1167 terruit
1828 1110 2009 1182 illum:

467 1188 595 1240 alter
625 1187 693 1239 ob
725 1185 938 1239 alterius
968 1185 1156 1239 funera
1184 1194 1416 1239 maestus
1448 1194 1575 1237 erat.

396 1267 447 1311 et
476 1259 581 1310 iam
613 1257 911 1310 constiterat
943 1257 1121 1309 stricto
1153 1274 1401 1309 mucrone
1431 1255 1697 1317 sacerdos,

468 1330 701 1381 cinxerat
731 1338 783 1381 et
815 1326 1005 1381 Graias
1038 1328 1263 1380 barbara
1292 1327 1422 1379 vitta
1451 1344 1646 1388 comas,

396 1419 516 1453 cum
547 1401 661 1453 vice
692 1399 945 1453 sermonis
975 1398 1191 1452 fratrem
1222 1397 1469 1467 cognovit
1499 1407 1550 1450 et
1579 1397 1656 1449 illi

309 1486 365 1525 80
468 1490 562 1541 pro
593 1472 722 1523 nece
753 1470 1058 1539 complexus
1088 1469 1368 1539 Iphigenia
1398 1469 1557 1522 dedit.

396 1543 533 1595 laeta
564 1542 693 1595 deae
724 1541 934 1610 signum
965 1540 1198 1593 crudelia
1227 1558 1376 1592 sacra
1404 1557 1622 1608 perosae

467 1612 732 1665 transtulit
763 1631 827 1664 ex
857 1612 956 1663 illis
988 1611 1040 1663 in
1074 1611 1289 1664 meliora
1316 1610 1461 1662 locis.

396 1684 527 1736 haec
557 1683 717 1752 igitur
746 1682 916 1752 regiO,
947 1683 1128 1751 magni
1159 1700 1326 1750 paene
1357 1681 1542 1733 ultima
1569 1679 1772 1741 mundi,

469 1773 626 1823 quam
656 1755 841 1823 fugere
872 1753 1108 1806 homines
1140 1753 1322 1820 dique,
1353 1752 1649 1821 propinqua
1677 1749 1806 1802 mihi
1836 1757 1942 1803 est:

310 1841 364 1880 85
398 1835 554 1893 atque
585 1843 757 1876 meam
787 1834 979 1876 terram
1009 1841 1172 1893 prope
1205 1832 1326 1874 sunt
1355 1821 1599 1875 funebria
1630 1839 1796 1884 sacra,

469 1896 513 1948 si
542 1895 698 1947 modo
729 1894 931 1946 Nasoni
961 1894 1187 1945 barbara
1217 1903 1356 1945 terra
1386 1911 1482 1945 sua
1512 1900 1606 1946 est.

398 1985 429 2019 o
459 1967 661 2018 utinam
691 1965 857 2027 venti,
889 1965 1081 2032 quibus
1113 1973 1189 2017 est
1221 1964 1428 2016 ablatus
1459 1961 1698 2026 OresteS,

468 2038 675 2107 placato
705 2036 936 2089 referant
967 2044 1019 2088 et
1047 2054 1167 2088 mea
1196 2035 1314 2089 vela
1344 2033 1466 2088 deo!

1215 2148 1284 2203 V.

399 2248 451 2302 O
484 2250 612 2302 mihi
642 2249 858 2302 dilectos
889 2249 1024 2302 inter
1052 2267 1174 2318 pars
1204 2248 1376 2317 prima
1406 2247 1631 2310 sodaleS,

470 2321 626 2373 unica
656 2320 879 2372 fortunis
911 2338 1002 2372 ara
1031 2328 1239 2389 reperta
1267 2318 1422 2371 meis!

400 2391 548 2444 cuius
581 2392 647 2443 ab
678 2390 936 2458 adloquiis
969 2390 1143 2442 anima
1174 2389 1304 2442 haec
1332 2388 1649 2441 moribunda
1676 2387 1886 2450 revixit,

470 2474 529 2514 ut
559 2462 687 2530 vigil
716 2461 891 2513 infusa
920 2461 1140 2512 Pallade
1170 2461 1382 2512 flamma
1412 2461 1566 2511 solet:

343 2549 368 2586 5
401 2533 492 2601 qui
523 2533 719 2585 veritus
750 2551 856 2584 non
887 2550 942 2584 es
973 2541 1156 2600 portus
1186 2531 1387 2599 aperire
1417 2530 1597 2600 fideles

472 2603 691 2655 fulmine
721 2621 1001 2672 percussae
1033 2601 1446 2670 confugiumque
1478 2601 1600 2652 rati:

401 2675 549 2727 cuius
582 2692 724 2726 eram
754 2692 915 2726 censu
945 2691 1050 2725 non
1079 2691 1163 2724 me
1195 2691 1441 2724 sensurus
1472 2680 1733 2741 egentem,

472 2745 515 2796 si
545 2743 746 2797 Caesar
774 2743 968 2813 patrias
1001 2743 1276 2813 eripuisset
1306 2761 1449 2812 opes.

400 2815 649 2885 temporis
681 2815 901 2867 oblitum
933 2814 1059 2866 dum
1089 2833 1173 2866 me
1203 2813 1340 2883 rapit
1369 2813 1597 2883 impetus
1628 2812 1806 2874 huius,

319 2903 371 2941 10
474 2886 667 2939 excidit
696 2886 800 2939 heu
830 2903 1022 2938 nomen
1052 2903 1213 2953 quam
1243 2884 1372 2936 mihi
1402 2903 1569 2953 paene
1599 2883 1774 2937 tuum!

400 2967 458 3009 tu
488 2967 665 3010 tamen
696 2956 962 3027 agnoscis:
995 2966 1271 3023 tactusque
1303 2955 1547 3025 cupidine
1577 2954 1764 3019 laudiS,

474 3029 584 3081 ‘ille
615 3046 714 3098 ego
747 3028 885 3080 sum'
919 3045 1137 3096 cuperes
1169 3027 1341 3079 dicere
1371 3044 1526 3095 posse
1557 3026 1748 3094 palam.

403 3108 541 3153 certe
573 3118 697 3169 ege,
730 3099 772 3151 si
802 3099 1023 3159 sinereS,
1054 3098 1265 3150 tit-ulum
1295 3097 1392 3149 tibi
1420 3096 1639 3148 reddere
1669 3094 1878 3155 vellem,

474 3179 526 3223 et
555 3189 727 3222 raram
757 3169 930 3221 famae
959 3168 1237 3220 conciliare
1267 3167 1441 3220 fidem.

319 3257 371 3295 15
403 3260 468 3293 ne
500 3259 717 3292 noceam
749 3249 924 3308 grat0,
956 3256 1162 3299 vereor,
1191 3237 1285 3289 tibi
1317 3235 1568 3298 carmine,
1599 3253 1735 3290 neve

473 3310 872 3379 intempestivus
902 3308 1127 3361 nominis
1158 3308 1330 3360 obstet
1359 3307 1541 3358 honor.

403 3381 547 3450 quod
575 3381 697 3434 licet
727 3389 778 3433 et
807 3388 980 3431 tutum
1011 3388 1111 3439 est,
1141 3377 1279 3430 intra
1308 3387 1400 3430 tua
1428 3386 1642 3446 pectora
1671 3375 1866 3447 gaude,

474 3469 664 3520 meque
695 3450 771 3503 tui
801 3467 1086 3503 memorem
1116 3458 1272 3518 teque
1303 3447 1465 3501 fuisse
1494 3447 1657 3518 pium.

2156 3532 2158 3537 .
2142 3428 2158 3519 ῙζἹ-θ.
2151 3375 2158 3413 —...
