2158 3906
328 368 436 422 282
882 378 937 423 Ρ.
971 378 1179 425 OVIDII
1208 378 1480 425 NASONIS

332 482 426 534 hos
459 499 583 550 eg0,
616 480 707 547 qui
736 479 935 549 patriae
965 480 1162 534 faciant
1193 480 1411 544 oblivia,
1442 501 1596 535 sucos

245 569 302 606 20
403 562 551 621 parte
582 568 730 603 meae
761 551 923 611 vitae,
956 551 1000 603 si
1030 551 1187 603 modo
1218 551 1431 614 dentur,
1462 552 1658 605 emam!

332 641 430 675 nec
462 631 519 673 tu
550 621 830 673 contuleris
862 622 1049 675 urbem
1078 621 1460 691 Laestrygonis
1491 641 1745 691 umquam

403 691 675 761 gentibus,
708 691 922 760 obliqua
952 711 1083 761 quas
1115 692 1227 745 obit
1256 693 1439 746 Hister
1470 711 1624 761 aqua.

332 781 429 815 nec
461 762 636 815 vincet
667 760 898 832 Cyclops
931 782 1147 816 saevum
1178 763 1384 817 feritate
1413 764 1698 826 Piacchen,

403 832 495 900 qui
524 842 685 901 quota
714 833 924 886 terroris
955 853 1076 904 pars
1108 835 1239 887 solet
1269 853 1384 887 esse
1413 835 1548 887 mei?

246 919 301 958 25
335 902 516 971 Scylla
546 903 670 956 feris
702 913 887 957 trunco
919 904 1063 973 quod
1090 905 1245 957 latret
1274 905 1342 956 ab
1371 905 1589 974 inguine
1619 907 1884 970 monstris,

405 974 713 1027 Heniochae
743 975 918 1027 nautis
948 976 1069 1045 plus
1098 993 1326 1028 nocuere
1356 984 1511 1029 rates,

333 1063 430 1098 nec
460 1055 608 1114 potes
638 1045 842 1098 infestis
874 1046 1111 1099 conferre
1143 1044 1454 1114 Charybdin
1483 1046 1734 1110 AchaeiS‚

372 1179 383 1188 ἢ
404 1125 484 1168 ter
513 1116 636 1169 licet
666 1126 880 1186 epotum
910 1125 990 1171 ter
1019 1125 1199 1169 vomat
1227 1116 1318 1169 illa
1346 1117 1557 1170 fretum.

334 1187 424 1255 qui
455 1204 778 1255 quamquam
809 1187 994 1241 dextra
1023 1188 1239 1257 regione
1268 1187 1511 1241 licentius
1543 1197 1733 1251 errant,

247 1273 304 1311 30
404 1276 648 1310 securum
678 1259 815 1311 latus
845 1258 947 1311 hoc
976 1277 1083 1311 non
1112 1268 1291 1311 tamen
1320 1278 1435 1313 esse
1466 1259 1658 1311 sinunt.

333 1327 419 1380 hic
450 1329 565 1398 agri
593 1328 888 1392 infrondeS‚
918 1329 1005 1382 hic
1035 1329 1237 1399 spicula
1267 1330 1431 1383 tincta
1460 1330 1692 1393 venenis,

405 1399 490 1452 hic
519 1399 654 1452 freta
683 1400 768 1453 vel
797 1400 962 1470 pediti
991 1401 1173 1470 pervia
1202 1400 1373 1454 reddit
1401 1400 1587 1463 hiems,

334 1478 417 1532 ut,
448 1487 553 1537 qua
583 1489 758 1523 remus
787 1471 887 1525 iter
915 1471 1080 1541 pulsis
1111 1472 1268 1524 modo
1298 1471 1497 1525 fecerat
1526 1471 1698 1534 undis,

407 1541 575 1593 siccus
607 1550 908 1611 contempta
936 1561 1070 1595 nave
1102 1542 1270 1594 viator
1300 1552 1400 1595 eat.

248 1625 303 1664 35
335 1612 428 1680 qui
457 1612 676 1664 veniunt
703 1612 881 1675 istinc,
911 1613 1001 1665 vix
1031 1630 1125 1664 vos
1157 1631 1219 1665 ea
1249 1613 1461 1667 credere
1493 1613 1697 1666 dicunt:

406 1700 567 1750 quam
596 1683 754 1736 miser
784 1693 885 1746 est,
917 1684 1009 1751 qui
1038 1683 1139 1736 fert
1170 1683 1436 1753 asperiora
1464 1683 1591 1737 fide!

337 1753 490 1806 crede
521 1763 719 1807 tamen:
754 1773 853 1808 nec
882 1763 935 1807 te
966 1772 1152 1807 causas
1182 1754 1384 1808 nescire
1415 1754 1664 1815 sinemus,

405 1823 618 1876 horrida
650 1823 1003 1877 Sarmaticum
1034 1843 1127 1877 cur
1155 1843 1300 1877 mare
1332 1825 1485 1884 duret
1514 1825 1698 1877 hiems.

336 1895 576 1964 proxima
605 1905 728 1946 sunt
757 1895 908 1947 nobis
940 1895 1161 1964 plaustri
1190 1895 1498 1964 praebentia
1526 1895 1751 1947 formam

249 1980 306 2018 40
408 1975 459 2018 et
489 1983 626 2034 quae
655 1966 998 2035 praecipuum
1029 1966 1202 2018 sidera
1231 1966 1400 2035 frigus
1429 1965 1640 2019 habent.

335 2036 458 2089 hinc
489 2036 652 2088 oritur
682 2036 869 2090 boreas
900 2054 1128 2104 oraeque
1159 2036 1475 2090 domesticus
1507 2036 1629 2090 huic
1660 2046 1740 2090 est

408 2116 460 2160 et
490 2107 650 2160 sumit
679 2107 816 2160 vires
848 2127 879 2160 a
908 2109 1152 2177 propiore
1181 2108 1315 2160 loco.

337 2187 390 2230 at
422 2186 602 2239 notus,
634 2178 856 2231 adverso
887 2179 1124 2248 tepidum
1154 2179 1246 2246 qui
1274 2178 1437 2249 spirat
1467 2179 1535 2231 ab
1566 2197 1682 2241 axe,

408 2259 486 2302 est
516 2249 699 2318 procul
730 2258 781 2302 et
809 2268 958 2302 rarus
987 2249 1391 2319 languidiorque
1421 2250 1580 2302 venit.

251 2334 304 2372 45
336 2319 471 2372 adde
501 2320 645 2388 quod
674 2320 760 2373 hic
789 2321 968 2373 clauso
996 2321 1283 2374 miscentur
1310 2320 1529 2373 flumina
1556 2320 1748 2383 Ponto,

407 2390 620 2458 vimque
650 2390 844 2443 fretum
874 2392 1040 2444 multo
1070 2391 1242 2460 perdit
1271 2391 1339 2443 ab
1369 2410 1523 2444 amne
1554 2410 1720 2443 suam.

335 2461 440 2513 huc
463 2461 664 2529 Lycus,
695 2461 800 2514 huc
832 2460 1048 2531 Sagaris
1071 2461 1378 2530 Peniusque
1399 2461 1750 2531 Hypanisque
1777 2460 2041 2532 Calesque

406 2531 577 2583 influit
607 2540 659 2584 et
689 2532 872 2584 crebro
903 2532 1097 2585 vertice
1127 2542 1294 2584 tortus
1323 2532 1513 2600 HaIyS‚

336 2601 760 2670 Partheniusque
791 2622 957 2672 rapax
986 2611 1038 2655 et
1068 2603 1284 2655 volvens
1316 2622 1445 2667 saxa
1476 2601 1751 2673 Cynapses

251 2687 306 2725 50
407 2672 601 2725 labitur
631 2683 683 2725 et
712 2673 856 2726 nullo
886 2673 1084 2726 tardior
1113 2693 1266 2726 amne
1297 2673 1485 2743 TyraS,

339 2751 391 2795 et
420 2752 504 2806 tn,
535 2743 794 2797 femineae
825 2744 1164 2797 Thermodon
1195 2744 1402 2813 cognite
1433 2753 1652 2807 turmae,

409 2823 460 2867 et
490 2815 758 2882 quondam
790 2813 948 2868 Grais
978 2815 1144 2867 Phasi
1172 2815 1332 2885 petite
1363 2814 1504 2877 viris,

338 2902 565 2953 cumque
595 2885 947 2955 Borysthenio
976 2886 1367 2955 liquidissimus:
1384 2905 1538 2939 amne
1569 2886 1834 2956 Lycastus

408 2965 460 3008 et
489 2956 644 3009 tacite
674 2975 933 3026 peragens
962 2957 1079 3010 lene
1109 2956 1417 3009 Melanthus
1447 2957 1562 3018 iter,

250 3041 306 3080 55
338 3026 534 3094 quique
565 3027 696 3080 duas
727 3036 915 3089 terraS,
946 3027 1136 3080 Asiam
1167 3026 1464 3096 Cadmique
1495 3046 1724 3082 sororem

409 3107 616 3166 separat
646 3107 696 3150 et
727 3117 911 3151 cursus
940 3098 1076 3152 inter
1105 3107 1382 3167 utramque
1412 3099 1555 3161 facit,

336 3167 701 3236 innumerique
733 3169 845 3231 alii,
877 3187 1009 3238 quos
1040 3169 1176 3222 inter
1203 3169 1465 3221 maximus
1495 3188 1674 3222 omnes

408 3238 593 3291 cedere
625 3239 905 3292 Danuvius
936 3258 993 3293 se
1022 3240 1142 3302 tibi,
1172 3240 1317 3301 Nile,
1348 3249 1524 3309 negat.

338 3308 489 3377 copia
518 3318 594 3360 tot
622 3310 862 3372 laticum,
894 3328 1025 3378 quas
1056 3319 1239 3380 auget,
1271 3310 1529 3362 adulterat
1559 3311 1744 3374 undaS,

251 3395 307 3433 60
408 3397 506 3432 nec
537 3379 732 3448 patitur
761 3380 898 3433 vires
930 3398 1126 3448 aequor
1154 3379 1348 3433 habere
1378 3399 1516 3432 suas.

339 3450 466 3518 quin
496 3450 677 3511 etiam,
707 3459 894 3520 stagno
926 3450 1106 3503 similis
1136 3450 1423 3520 pigraeque
1455 3452 1651 3520 paludi,

410 3521 679 3574 caeruleus
711 3520 801 3574 vix
832 3530 910 3574 est
941 3521 1259 3589 diluiturque
1290 3522 1446 3574 color.
