2158 3906
578 334 930 383 FASTORUM
955 334 1077 380 LIB.
1109 331 1197 380 ΙΙΙ.
1229 328 1469 381 343-428.
1812 323 1883 376 47

175 430 281 493 iam
311 436 527 491 dederat
560 436 719 491 Saliis
750 457 780 491 a
811 439 948 491 saltu
977 438 1191 491 nomina
1222 438 1362 491 dicta

248 526 501 576 armaque
530 517 582 562 et
613 508 680 561 ad
711 517 879 562 certos
911 509 1083 562 verba*
1103 509 1340 562 canenda
1369 509 1571 561 modos.

176 589 291 634 tum
319 578 396 638 sie
422 577 746 631 Mamurius:
787 585 1012 633 ‘merces
1042 580 1171 632 mihi
1200 580 1369 650 gloria
1399 580 1568 642 detur,

246 649 562 717 nominaque
594 660 828 702 extremo
859 650 1090 703 carmine
1120 662 1300 703 nostra
1329 650 1549 703 sonent.'
1916 665 2004 704 300

174 719 298 776 inde
327 720 624 774 sacerdotes
656 721 802 791 operi
831 721 1090 791 promissa
1120 731 1326 775 vetusto

282 790 478 844 raemia
507 792 839 861 persolvunt,
870 792 1304 861 Mamuriumque
1335 802 1542 845 vocant.
1574 822 1648 832 —-

173 810 373 916 nubere
403 862 447 915 si
477 880 583 931 qua
612 863 780 925 voles,
812 863 1052 931 quamvis
1083 863 1432 933 properabitis
1463 863 1639 926 amb0,

246 932 423 1004 differt
454 932 652 987 habent
681 952 874 1004 parvae
907 934 1185 987 commoda
1215 953 1409 1004 magna
1438 952 1635 986 morae.

173 1021 321 1058 arma
349 1013 563 1057 movent
592 1023 825 1075 pugnas:
856 1024 1039 1075 pugna
1069 1014 1148 1058 est
1179 1004 1349 1058 aliena
1380 1005 1602 1067 maritis3
1916 1021 2003 1061 395

245 1074 457 1128 condita
487 1093 607 1128 cum
637 1075 855 1138 fuerint,
886 1076 1058 1145 aptius
1089 1094 1245 1128 omen
1275 1076 1388 1128 erit.
1419 1103 1495 1113 —-

172 1145 255 1198 his
287 1146 443 1199 etiam
475 1146 703 1199 coniunx
733 1146 925 1215 apicati
945 1155 1127 1199 saneta
1156 1145 1329 1198 Dialis
1389 1202 1397 1209 ,

243 1216 450 1270 lucibus
479 1216 699 1287 inpexas
731 1217 887 1269 debet
916 1216 1112 1269 habere
1143 1234 1340 1269 eomas.

170 1335 352 1391 Tertia
380 1353 487 1389 nox
517 1335 754 1388 dimensa
785 1353 907 1388 suos
936 1335 1029 1388 ubi
1059 1335 1280 1388 moverit
1311 1334 1479 1405 ignes,
1628 1332 1676 1378 2·
1706 1335 1799 1378 EF
1838 1332 1884 1377 3·
1919 1336 1960 1378 F
1965 1336 2007 1379 C

243 1406 484 1460 conditus
515 1425 543 1459 e
573 1405 797 1476 geminis
827 1405 1073 1459 Piscibus
1105 1406 1235 1459 alter
1265 1406 1378 1459 erit.
1730 1390 1774 1434 4·
1811 1392 1905 1435 GC

171 1497 294 1533 nam
325 1478 430 1531 duo
462 1487 605 1540 sunt3
638 1476 827 1530 austris
857 1476 942 1529 hie
973 1486 1078 1539 est,
1110 1477 1445 1545 aquilonibus
1477 1474 1564 1530 ille
1914 1496 1993 1534 401

242 1548 528 1620 proximus.
603 1567 635 1601 a
665 1557 822 1601 vento
851 1566 1045 1601 nomen
1076 1558 1299 1617 uterque
1331 1558 1492 1602 tenet.

173 1666 312 1724 Cum
343 1667 539 1723 croceis
568 1686 743 1722 rorare
773 1667 923 1739 genis
954 1667 1205 1721 Tithonia
1233 1667 1463 1722 coniunx
1825 1669 1873 1713 5·
1908 1669 2004 1713 IIC

243 1738 472 1811 coeperit
502 1748 555 1794 et
583 1739 796 1808 quintae
826 1750 1064 1810 tempora
1093 1739 1225 1792 lucis
1256 1750 1397 1808 aget,

171 1811 281 1866 sive
312 1820 391 1865 est
419 1811 809 1881 Arctophylax,
841 1810 950 1864 sive
982 1822 1061 1864 est
1090 1811 1242 1881 piger
1272 1810 1359 1863 ille
1390 1810 1607 1874 Bootes,
1913 1831 1999 1869 405

240 1890 509 1953 mergetur
539 1881 682 1935 visus
714 1881 1038 1951 effugietque
1070 1893 1206 1935 tuos.

169 1965 226 2008 at
253 1971 359 2006 non
390 1952 610 2024 effugiet
637 1952 987 2006 Vindemitor.
1061 1953 1161 2006 hoe
1192 1970 1405 2023 quoque
1437 1971 1655 2006 eausam

242 2024 384 2077 unde
414 2023 588 2076 trahat
618 2023 786 2086 sidus,
817 2043 982 2094 parva
1012 2024 1200 2077 docere
1231 2042 1380 2076 mora
1409 2034 1506 2077 est.

170 2094 439 2165 Ampelon
467 2093 733 2147 intonsum
765 2104 941 2164 satyro
971 2094 1310 2165 nymphaque
1341 2105 1579 2147 creatum

242 2165 408 2218 fert-ur
435 2164 492 2217 in
520 2165 1030 2218 Ismariis'Baeehus
1061 2184 1264 2218 amasse
1294 2165 1449 2234 iugis.
1909 2186 1999 2226 410

170 2235 384 2289 tradidit
411 2235 537 2305 huie
564 2236 725 2289 vitem
756 2236 1072 2306 pendentem
1101 2236 1377 2288 frondibus
1408 2230 1556 2299 ulmi,

241 2324 377 2376 quae
406 2324 547 2360 nunc
578 2307 643 2360 de
673 2307 825 2377 pueri
853 2306 1065 2360 nomine
1095 2325 1287 2360 nomen
1317 2306 1495 2359 habet.

171 2377 297 2430 dum
326 2377 455 2446 legit
484 2377 539 2430 in
568 2396 715 2430 ramo
745 2377 912 2448 pietas
943 2378 1250 2431 temerarius
1280 2396 1430 2438 uvae,

241 2447 456 2502 decidit:
488 2448 740 2501 amissum
770 2448 936 2502 Liber
965 2448 1019 2501 in
1050 2459 1191 2501 astra
1220 2449 1356 2501 tulit.
1908 2471 1995 2509 414

171 2559 368 2616 Sextus
389 2561 482 2615 ubi
505 2559 725 2616 Oceano
743 2561 998 2616 clivosum
1024 2563 1228 2616 scandit
1251 2560 1546 2632 Olympum
1609 2560 1654 2605 6‘·
1686 2563 1815 2607 ΑᾹΡ
1840 2571 1957 2606 HOC·

238 2632 490 2686 Phoebus
521 2642 572 2686 et
604 2633 755 2686 alatis
786 2634 997 2687 aethera
1026 2634 1192 2704 carpit
1222 2634 1389 2702 equiS,
1562 2618 1993 2697 Ρέἇῗῆῧῇᾎξῇ.

170 2703 407 2773 quisquis
429 2704 556 2757 ades
580 2716 862 2773 castaeque
886 2705 1014 2758 eolis
1037 2705 1326 2776 penetralia
1340 2704 1557 2768 Vestae,
1655 2705 1916 2740 FACT-881¹

239 2784 472 2845 gratare,
502 2774 678 2828 Iliacis
709 2784 932 2844 turaque
962 2795 1099 2846 pone
1129 2776 1278 2828 focis.

171 2841 415 2899 Caesaris
446 2845 734 2899 innumeris
764 2876 835 2884 ——
865 2864 1024 2914 quem
1054 2847 1238 2899 maluit
1267 2846 1355 2899 ille
1386 2844 1577 2899 mereri
1604 2874 1679 2886 -—-

240 2915 461 2970 accessit
490 2916 655 2969 titulis
684 2917 998 2986 pontificalis
1028 2917 1212 2970 honor.
1906 2937 1995 2976 420

167 2984 380 3058 ignibus
411 2987 636 3040 aeternis
666 2988 865 3040 aeterni
893 2987 1112 3041 numina
1142 2996 1394 3058 praesunt

241 3055 510 3111 Caesaris:
541 3058 747 3127 imperii
776 3059 1000 3128 pignora
1028 3059 1208 3111 iuncta
1237 3059 1402 3111 vides·

171 3126 224 3182 di
253 3129 443 3182 veteris
473 3129 689 3192 Troiae,
721 3129 1029 3200 dignissima
1057 3130 1254 3200 praeda
1283 3127 1490 3192 ferenti,

240 3217 346 3268 qua
412 3200 550 3253 ravis
581 3203 788 3253 Aeneas
819 3210 962 3253 tutus
994 3201 1062 3254 ab
1091 3201 1241 3254 hoste
1271 3201 1395 3253 fuit:

171 3278 316 3324 ortus
346 3289 378 3323 a
443 3271 632 3324 Aenea
661 3271 830 3342 tangit
861 3281 1087 3342 cognata
1116 3272 1361 3325 sacerdos
1905 3290 1992 3329 425

240 3341 480 3395 numina:
512 3351 822 3412 cognatum,
852 3343 1043 3407 Vesta,
1074 3352 1222 3397 tuere
1254 3342 1436 3412 eaput!

169 3428 302 3480 quos
334 3422 514 3466 sancta
542 3413 689 3467 fovet
716 3414 804 3467 ille
833 3433 1023 3478 manu,
1053 3415 1189 3468 bene
1218 3414 1418 3476 vivitis,
1448 3414 1619 3483 ignes,

241 3481 401 3537 vivite
430 3483 727 3548 inextincti,
758 3486 1075 3555 flammaque
1107 3486 1344 3554 duxque,
1375 3503 1579 3555 precor.
