2158 3906
295 327 400 389 216
843 336 898 379 Ρ.
932 333 1139 379 OVIDII
1169 333 1441 380 NASONIS

298 458 419 492 cum
449 439 585 491 foret
614 438 831 490 Aeneae
863 434 1041 487 cervix
1071 434 1308 487 subiecta
1341 436 1560 505 parenti,

371 510 560 561 dicitur
588 508 704 576 ipsa
734 506 846 558 viro
877 506 1090 558 flamma
1120 505 1326 559 dedisse
1355 505 1521 558 viam:

214 598 266 637 35
298 581 398 633 sert
428 580 561 631 liber
596 576 907 639 Aeneaden,
944 585 996 629 et
1024 594 1131 628 non
1159 575 1259 628 iter
1289 594 1444 629 omne
1474 575 1711 646 patebit?

370 660 422 702 at
451 647 651 719 patriae
681 656 830 717 pater
858 646 967 709 hic,
997 646 1163 716 ipsius
1192 647 1279 699 ille
1309 646 1427 699 fuit.

299 719 475 788 ecquis
506 719 581 771 ita
611 727 688 772 est
719 718 917 780 audaX,
948 726 1008 770 ut
1036 717 1215 771 limine
1249 726 1404 788 cogat
1434 717 1579 771 abire

368 791 650 842 iactantem
679 788 879 841 Pharia
907 788 1112 840 tinnula
1143 788 1295 840 sistra
1325 789 1520 841 manu?

299 869 417 914 ante
450 861 607 912 deum
637 860 871 912 Matrem
902 877 1066 912 cornu
1095 858 1290 912 tibicen
1322 859 1529 911 adunco

213 950 268 988 40
371 951 492 984 cum
523 930 687 994 canit,
719 930 943 1000 exiguae
974 930 1091 998 quis
1124 930 1270 999 stipis
1302 948 1425 982 aera
1452 931 1643 1000 negat?

301 1003 493 1056 scimus
525 1002 592 1054 ab
622 1001 842 1071 imperio
872 1001 987 1054 fieri
1015 1001 1090 1052 nil
1118 1001 1223 1053 tale
1252 1000 1487 1054 Dianae:

369 1073 509 1126 unde
540 1082 718 1125 tamen
748 1072 915 1135 vivat,
947 1071 1259 1124 vaticinator
1288 1071 1465 1124 habet.

300 1145 414 1214 ipsa
443 1153 657 1197 movent
687 1143 889 1195 animos
920 1161 1230 1211 superorum
1260 1142 1479 1195 numina
1506 1150 1734 1204 nostrOS,

371 1226 523 1285 turpe
553 1226 663 1268 nec¹
683 1224 762 1267 est
790 1214 883 1266 tali
914 1213 1222 1266 credulitate
1253 1213 1387 1283 capi.

214 1303 268 1341 45
302 1306 367 1340 en
397 1304 497 1356 ego
527 1304 622 1355 pro
655 1285 807 1338 sistro
837 1284 1167 1355 Phrygiique
1196 1283 1453 1337 foramine
1473 1284 1613 1337 *buxi

371 1357 542 1427 gentis
572 1357 753 1409 Iuleae
782 1356 997 1408 nomina
1027 1364 1207 1408 sancta
1236 1354 1348 1408 fero
1359 1376 1373 1418 ;

301 1428 557 1481 vaticinor
585 1445 895 1496 moneoque.
968 1428 1143 1479 locum
1175 1427 1296 1479 date
1327 1445 1477 1479 sacra
1505 1425 1720 1480 ferenti!

371 1517 477 1551 non
507 1498 658 1560 mihi,
694 1499 786 1550 sed
814 1516 1010 1567 magno
1040 1497 1275 1566 poscitur
1303 1497 1538 1550 ille-deo,

256 1626 260 1630 Α
300 1589 398 1623 nec
430 1570 554 1638 quia
583 1570 668 1622 vel
697 1569 866 1622 merui
895 1570 979 1621 vel
1011 1568 1150 1621 sensi
1178 1567 1429 1638 principis
1458 1568 1608 1631 iram,

216 1658 270 1697 50
374 1661 405 1693 a
434 1641 585 1693 nobis
617 1641 791 1709 ipsum
822 1640 961 1692 nolle
991 1648 1172 1708 putate
1203 1640 1316 1691 coli.

302 1712 410 1763 vidi
440 1730 539 1780 ego
570 1711 822 1780 linigerae
852 1729 1049 1762 numen
1078 1711 1300 1763 violasse
1331 1709 1586 1762 fatentem

373 1783 529 1834 Isidis
560 1782 759 1834 Isiacos
790 1791 910 1833 ante
941 1781 1124 1833 sedere
1153 1781 1316 1833 focos·

303 1854 456 1915 alter,
488 1853 556 1905 ob
587 1852 710 1904 huic
741 1852 962 1904 similem
993 1852 1230 1921 privatus
1260 1850 1458 1903 lumine
1490 1850 1722 1920 culpam,

374 1923 636 1976 clamabat
665 1923 864 1984 media,
897 1942 954 1975 se
983 1922 1262 1984 meruisse,
1293 1922 1396 1973 via.

217 2012 270 2050 55
303 1995 427 2047 talia
458 1995 709 2047 caelestes
738 1994 851 2045 fieri
881 1993 1161 2062 praeconia
1189 1993 1439 2063 gaudent,

372 2075 456 2127 ut,
489 2084 584 2118 sua
613 2064 742 2132 quid
772 2065 981 2117 valeant
1010 2064 1252 2126 numina,
1283 2073 1416 2116 teste
1446 2063 1687 2133 probent.

303 2155 458 2206 saepe
488 2137 667 2189 levant
696 2154 894 2206 poenas
925 2144 1209 2205 ereptaque
1238 2133 1439 2187 lumina
1467 2133 1715 2196 reddunt,

375 2227 495 2267 cum
524 2207 660 2260 bene
689 2206 893 2276 peccati
921 2206 1242 2276 paenituisse
1270 2205 1467 2258 vident.

303 2279 558 2349 paenitet,
591 2277 647 2330 ol
681 2279 724 2330 si
754 2277 883 2346 quid
910 2278 1219 2330 miserorum
1251 2276 1480 2330 creditur
1507 2275 1625 2328 ulli:

219 2366 272 2405 60
373 2349 630 2419 paenitet,
664 2358 715 2401 et
745 2349 884 2401 facto
915 2358 1162 2416 torqueor
1189 2348 1303 2417 ipse
1332 2365 1467 2400 mec.

304 2438 530 2487 cumque
562 2419 627 2471 sit
658 2419 896 2482 exilium,
926 2420 1096 2489 magis
1129 2429 1207 2471 est
1235 2418 1365 2470 mihi
1395 2418 1552 2487 culpa
1583 2417 1776 2472 dolori:

376 2500 559 2558 estque
589 2490 701 2559 pati
730 2508 979 2559 poenam,
1011 2509 1170 2558 quam
1200 2489 1477 2550 meruisse,
1507 2488 1697 2540 minus.

304 2570 363 2613 ut
392 2561 520 2613 mihi
550 2561 603 2612 di
633 2561 871 2623 faveant,
902 2561 1094 2628 quibus
1126 2569 1206 2613 est
1234 2559 1561 2612 manifestior
1590 2559 1737 2629 Ipse:

375 2651 547 2701 poena
575 2640 748 2701 potest
778 2631 940 2694 demi,
973 2632 1130 2700 culpa
1158 2630 1402 2700 perennis
1433 2630 1546 2682 erit.

221 2720 272 2759 65
307 2702 475 2773 [mors
504 2703 661 2755 faciet
692 2711 856 2765 certe,
887 2721 954 2755 ne
986 2702 1107 2764 sim,
1140 2720 1262 2754 cum
1291 2701 1516 2763 venerit,
1549 2701 1695 2753 exul:

376 2794 442 2826 ne
473 2792 578 2826 non
607 2773 892 2843 peccarim,
924 2792 1064 2825 mors
1094 2790 1305 2841 quoque
1335 2790 1442 2824 non
1471 2768 1673 2841 faciet.]

304 2863 412 2897 non
442 2845 603 2915 igitur
631 2844 846 2907 mirum,
880 2844 922 2896 si
951 2863 1099 2897 mens
1130 2863 1250 2896 mea
1278 2843 1458 2895 tabida
1488 2842 1631 2895 facta

379 2916 443 2968 de
474 2916 595 2968 nive
625 2915 885 2968 manantis
914 2933 1059 2967 more
1088 2914 1332 2982 liquescit
1361 2931 1547 2982 aquae.

250 3019 254 3022 -
307 2996 449 3040 estur
477 2996 537 3039 ut
567 2987 774 3039 occulta
802 2986 987 3038 vitiata
1015 2985 1248 3039 teredine
1278 2985 1442 3046 navis,

222 3074 276 3112 70
379 3059 625 3125 aequorei
657 3058 898 3127 scopulos
928 3065 989 3109 ut
1018 3066 1170 3110 cavat
1199 3056 1344 3108 unda
1374 3055 1512 3116 salis,

305 3129 505 3180 roditur
535 3138 591 3179 ut
623 3129 808 3180 scabra
837 3128 1066 3196 positum
1095 3126 1334 3196 robigine
1364 3126 1579 3187 ferrum,

379 3199 619 3251 conditus
649 3208 709 3250 ut
738 3199 909 3250 tineae
941 3198 1171 3266 carpitur
1200 3216 1290 3250 ore
1319 3197 1475 3249 liber:

307 3269 381 3321 sic
411 3287 527 3321 mea
558 3278 840 3338 perpetuos
871 3286 1113 3320 curarum
1143 3277 1357 3336 pectora
1386 3283 1609 3327 morsm,

254 3390 257 3396 ,
377 3340 480 3391 fine
511 3339 701 3406 quibus
732 3339 876 3392 nullo
909 3338 1274 3400 conficiantur,
1306 3337 1518 3389 habent.

223 3427 275 3466 75
306 3428 404 3464 nec
434 3409 579 3479 prius
609 3409 663 3460 hi
693 3418 919 3462 mentem
953 3407 1169 3470 stimuli,
1201 3426 1360 3475 quam
1390 3406 1522 3468 vita,
1553 3406 1867 3476 relinquent,

379 3480 576 3549 quique
608 3479 771 3542 dolet,
805 3479 956 3533 citius
966 3518 981 3542 ,
1014 3496 1173 3547 quam
1205 3479 1374 3541 dolor,
1405 3477 1517 3548 ipse
1549 3478 1716 3531 cadet.
