2158 3906
402 427 492 476 EX
519 426 735 473 PONTO
766 426 888 472 L1B.
921 426 1005 473 lv.
1036 426 1099 483 X,
1131 425 1331 482 19-ΧΙ,
1362 426 1433 470 20.
1670 410 1777 464 283

13 527 15 594 ζ
119 538 266 585 natat
295 528 439 583 unda
469 528 604 581 freto
636 528 803 582 dulcis
834 528 1104 597 leviorque
1135 527 1339 580 marina
1369 536 1467 590 est,

14 618 15 650 1
62 623 72 651 η
134 618 273 671 quae
301 598 572 671 proprium
605 599 768 652 mixto
800 599 865 652 de
897 600 1004 653 sale
1036 598 1242 669 pondus
1273 597 1448 651 habet.

13 675 15 679 ’
93 672 112 727 i
138 678 292 754 roget
319 669 452 724 haec
482 668 671 738 aliquis
702 688 796 723 cur
826 670 930 722 sint
958 679 1170 722 narrata
1199 668 1423 731 Pedoni,
1807 681 1862 720 65

135 741 331 812 qmdve
359 739 506 810 loqui
536 739 689 794 certis
719 740 909 794 iuverit
938 740 1039 793 ista
1068 739 1255 800 modis,

93 811 314 869 detinui'
346 810 520 866 dicam
550 816 728 865 ‘curas
760 819 1074 881 tempusque
1105 810 1293 864 fefelli:

136 884 278 938 hunc
307 881 541 936 fructum
571 899 820 952 praesens
851 882 1025 935 attulit
1054 880 1183 934 hora
1213 879 1357 934 mihi.

80 954 297 1009 fuimus
328 952 480 1007 solito
491 992 506 1016 ,
538 950 666 1006 dum
696 952 973 1006 scribimus
1004 952 1128 1015 ista,
1160 952 1357 1014 dolore,

136 1025 193 1079 in
221 1023 408 1079 mediis
437 1041 536 1078 nec
566 1042 663 1077 nos
695 1024 952 1078 sensimus
984 1042 1097 1077 esse
1129 1020 1317 1076 Getis.'
1809 1034 1869 1074 70

74 1100 123 1150 't
152 1105 234 1158 tu,
263 1113 371 1149 non
401 1094 611 1158 dubito,
643 1113 764 1148 cum
794 1094 1004 1148 Thesea
1034 1093 1264 1147 carmine
1295 1092 1497 1154 laudes,

70 1175 71 1178 ’
134 1166 387 1221 ,ηιαῒθτίαθ
417 1165 594 1219 titulos
625 1166 753 1235 quin
783 1174 964 1219 tueare
996 1174 1135 1228 tuae,

80 1251 331 1307 nemque
362 1236 550 1300 refers,
581 1236 783 1291 imitere
814 1237 1002 1290 virum.
1076 1243 1219 1290 vetat
1249 1234 1336 1287 ille
1367 1232 1606 1304 profecto

138 1307 406 1378 tranquilli
435 1308 680 1362 comitem
709 1307 960 1378 temporis
991 1325 1106 1360 esse
1135 1304 1311 1359 fidem.

62 1398 160 1434 ·.·u1
188 1392 512 1449 quamquam
543 1388 623 1433 est
652 1378 806 1432 factis
836 1378 1023 1448 ingens
1054 1385 1105 1430 et
1136 1375 1378 1430 conditur
1408 1394 1440 1427 a
1470 1382 1522 1427 te
1810 1387 1865 1428 75

138 1450 220 1504 vir
249 1459 421 1514 tant0,
452 1459 651 1520 quanto
682 1448 865 1503 debuit
894 1466 983 1502 ore
1015 1447 1150 1510 cani,

83 1530 150 1576 st
178 1531 355 1575 tamen
386 1539 452 1575 ex
481 1521 571 1574 illo
602 1519 754 1573 nobis
784 1518 1035 1572 imitabile
1066 1515 1338 1587 quiddam,

137 1592 300 1662 inque
330 1591 434 1646 fide
464 1590 704 1648 Theseus
735 1590 956 1660 quilibet
986 1607 1101 1642 esse
1131 1597 1321 1659 potest.

10 1729 13 1736 ⁴
65 1682 176 1719 ·on
205 1662 302 1717 tibi
331 1670 454 1716 sunt
482 1661 660 1715 hostes
691 1661 830 1715 ferro
861 1660 1116 1728 clavaque
1148 1657 1414 1718 domandi,

10 1737 13 1759 ²
130 1753 235 1859 tper
263 1751 396 1804 quos
427 1732 517 1786 vix
546 1732 641 1786 ulli
670 1731 883 1803 pervius
914 1730 1144 1784 Isthmos
1176 1739 1310 1783 erat:
1814 1742 1871 1782 80

80 1824 126 1860 ”e
193 1803 542 1877 praestandus
573 1820 743 1866 amor,
773 1821 858 1857 res
887 1820 991 1855 non
1022 1818 1244 1873 operosa
1274 1799 1487 1853 volenti.

141 1876 259 1946 quis
289 1875 439 1929 labor
469 1883 572 1938 est,
602 1893 791 1946 puram
820 1874 925 1926 non
956 1881 1242 1927 temerasse
1274 1870 1465 1924 fidem?

11 1965 12 1968 ¹
71 1965 202 2005 ,aec
231 1946 350 2009 tibi,
381 1945 473 2015 qui
541 1954 705 2000 erstas
735 1945 1083 1998 indeclinatus
1115 1942 1303 2003 amice,

141 2035 249 2072 non
278 2025 358 2071 est
388 2034 493 2086 quo
559 2015 745 2087 lingua
773 2014 913 2068 dicta
943 2022 1195 2084 querente
1227 2021 1397 2083 putes.

866 2126 972 2180 XI.

59 2257 64 2282 κ
131 2230 275 2292 allio,
306 2230 504 2284 crimen
534 2228 631 2283 erit
659 2228 748 2281 vix
779 2226 1079 2281 excusabile
1110 2226 1280 2289 nobis,
1519 2222 1896 2267 GALLIONI.

70 2335 71 2338 =
143 2301 374 2356 carmine
405 2309 456 2354 te
486 2317 680 2353 nomen
710 2317 816 2351 non
846 2297 1093 2351 habuisse
1124 2315 1258 2350 meo.

69 2381 132 2428 tu
161 2389 374 2442 quoque
405 2371 545 2425 enim
574 2370 840 2439 (memini)
870 2369 1081 2422 caelesti
1112 2366 1329 2438 cuspide
1358 2365 1501 2419 facta

63 2510 67 2515 .
143 2443 323 2497 fovisti
352 2441 579 2496 lacrimis
610 2441 830 2494 vulnera
858 2450 1037 2493 nostra
1067 2439 1187 2492 tuis.

65 2523 232 2585 tque
260 2513 464 2567 utinam
492 2511 631 2583 rapti
658 2513 861 2565 iactura
888 2511 1061 2563 laesus
1093 2509 1246 2563 amici
1346 2550 1361 2561 .
1813 2523 1840 2563 5

28 2651 34 2655 ,
68 2646 70 2651 ,
146 2585 397 2640 sensisses
426 2584 588 2646 ultra,
619 2582 763 2653 quod
791 2600 1091 2651 quererere,
1123 2579 1276 2633 nihil!

31 2666 33 2670 '
73 2674 181 2710 non
209 2656 284 2709 ita
312 2655 392 2709 dis
421 2654 645 2726 placuit,
675 2654 767 2723 qui
796 2663 848 2707 te
878 2653 1100 2723 spoliare
1131 2651 1326 2722 pudica

39 2746 61 2782 ·.,
147 2727 371 2797 coniuge
402 2725 638 2779 crudeles
669 2741 775 2778 non
804 2724 1037 2777 habuere
1068 2722 1233 2776 nefas.

26 2797 262 2865 :nuntia
289 2815 413 2851 nam
440 2797 615 2849 luctus
645 2794 772 2847 mihi
802 2813 969 2864 nuper
998 2794 1222 2864 epistula
1251 2793 1411 2854 venit,

147 2869 387 2937 lectaque
419 2885 542 2920 cum
569 2866 796 2919 lacrimis
827 2875 949 2918 sunt
978 2873 1071 2917 tua
1101 2864 1293 2916 damna
1323 2863 1468 2915 meis.
1819 2879 1873 2917 10

30 2991 34 2998 ,,
76 2940 172 2994 sed
200 2957 372 3008 neque
402 2937 559 2992 solari
588 2935 901 3007 prudentem
931 2935 1137 2988 stultior
1166 2933 1350 2993 ausim,

54 3026 56 3030 “
149 3010 416 3079 verbaque
447 3009 722 3061 doctorum
751 3016 876 3059 nota
906 3005 1100 3059 referre
1130 3004 1249 3056 tibiz

27 3109 31 3153 s
79 3081 392 3149 finitumque
422 3088 598 3141 tuum,
629 3077 674 3131 si
703 3096 810 3130 nen
834 3077 1064 3137 ratione,
1096 3075 1329 3128 dolorem

150 3152 266 3223 ipsa
293 3150 632 3221 iampridem
662 3148 900 3219 suspicor
930 3166 1044 3200 esse
1074 3164 1237 3199 mora.

26 3227 28 3230 ’
79 3223 211 3276 dum
239 3231 331 3276 tua
359 3221 621 3294 pervenit,
654 3219 780 3272 dum
809 3219 983 3272 littera
1012 3226 1190 3270 nostra
1219 3234 1492 3269 recurrens
1822 3231 1875 3269 15

28 3326 31 3342 ι
64 3327 67 3329 >
153 3303 231 3348 tot
259 3293 423 3347 maria
453 3311 516 3346 ac
545 3302 708 3345 terras
739 3299 997 3361 permeat,
1029 3307 1198 3341 annus
1230 3287 1355 3339 abit.

28 3366 49 3385 ⁴
81 3364 333 3435 temporis
362 3363 597 3417 officium
627 3372 707 3416 est
737 3361 931 3415 solacia
961 3360 1134 3413 dicere
1165 3359 1309 3420 certi,

155 3435 284 3489 dum
313 3434 462 3488 dolor
489 3434 544 3487 in
575 3452 733 3487 cursu
763 3443 842 3486 est
871 3442 923 3487 et
952 3431 1081 3502 petit
1113 3448 1271 3500 aeger
1301 3447 1480 3498 opem:

32 3540 33 3546 ,
82 3515 140 3560 at
168 3510 295 3560 cum'
317 3502 478 3575 longa
507 3504 618 3558 dies
649 3504 851 3558 sedavit
881 3504 1099 3556 vulnera
1128 3500 1335 3561 mentiS,

30 3598 35 3605 ’
76 3619 80 3621 -
155 3576 523 3648 intempestive
553 3575 644 3645 qui
673 3584 849 3629 movet
878 3574 993 3638 illa,
1024 3581 1202 3625 novat.
1827 3585 1882 3622 20
