2158 3906
394 278 471 337 50
947 287 1001 332 P.
1035 287 1242 333 ov1n11
1270 286 1542 333 NAsoms

281 410 365 449 515
397 392 538 446 dicta
567 392 693 445 facit
721 384 1065 461 gemmasque
1094 407 1285 442 novem
1317 389 1656 441 transformat
1683 387 1738 440 in
1767 388 1942 458 ignes:

470 483 630 517 aurea
659 481 753 532 per
783 461 957 514 stellas
988 476 1130 512 nunc
1160 459 1320 513 micat
1347 459 1439 513 illa
1468 478 1676 512 novem.

400 605 511 659 Sex
531 604 624 658 ubi
648 602 932 664 sustulerit,
964 596 1182 655 tot-idem
1205 601 1513 655 demerserit
1533 601 1704 664 orbeS,
1750 598 1794 643 8·
1820 599 1906 642 CF
1941 597 1987 642 ‹9-
2009 600 2113 644 ΒΟ

468 693 792 745 purpureum
821 672 1006 743 rapido
1037 672 1129 740 qui
1156 673 1301 725 vehit
1330 692 1429 727 axe
1460 672 1618 735 diem,
1750 656 1882 699 10·E
1888 655 2009 754 (ἐξ
2018 656 2112 756 gg

399 747 562 799 altera
589 744 860 814 gramineo
889 743 1151 813 spectabis
1181 743 1405 812 Equiria
1435 760 1641 812 camp0,
1825 767 1900 811 13·
1933 745 1987 811 Η
2008 769 2116 813 ΕΝ

285 834 369 874 520
469 833 628 884 quem
657 814 866 869 Tiberis
897 815 1071 867 curvis
1099 814 1155 866 in
1184 815 1322 867 latus
1352 823 1505 884 urget
1537 813 1706 882 aquis.
1745 824 1821 871 14.
1841 825 1885 869 A
1910 825 2116 875 EQ-AP

399 887 490 955 qui
520 895 697 938 tamen
727 885 894 938 eiecta
923 885 968 937 si
996 885 1132 938 forte
1161 884 1424 939 tenebitur
1453 884 1615 946 unda,

472 955 686 1010 Caelius
718 956 940 1026 accipiet
968 956 1366 1026 pulverulentus
1397 972 1579 1024 equos-

400 1099 587 1151 Idibus
619 1107 697 1152 est
719 1099 912 1152 Annae
941 1098 1136 1152 festum
1161 1082 1686 1167 geniale-Perennae,
1716 1094 1790 1138 15·
1809 1095 1853 1139 Β
1873 1095 1954 1139 ΕΙ
1956 1093 2119 1141 ΠΛΡ

473 1170 618 1222 haud
646 1170 831 1239 procul
861 1189 893 1222 a
921 1169 1074 1239 ripis„
1107 1170 1312 1222 advena
1340 1168 1571 1238 Thybri,
1602 1168 1724 1220 tuis·

288 1257 371 1296 525
402 1241 553 1311 plebs
584 1240 727 1293 venit
758 1259 821 1293 ac
849 1240 1043 1293 virides
1073 1240 1271 1310 passim
1302 1239 1521 1292 disiecta
1549 1258 1644 1309 per
1674 1238 1865 1293 herbas

472 1321 644 1382 potat,
677 1321 729 1364 et
759 1311 1024 1365 accumbit
1054 1330 1175 1365 cum
1205 1330 1332 1381 pare
1361 1310 1587 1379 quisque
1619 1317 1731 1363 sua.

404 1384 503 1435 sub
533 1383 661 1436 Iove
691 1401 814 1451 pars
845 1382 1023 1445 durat3
1054 1383 1210 1452 pauci
1240 1381 1464 1435 tentoria
1492 1389 1720 1451 ponunt3

476 1463 598 1506 sunt
627 1454 820 1522 quibus
851 1473 879 1506 e
909 1453 1069 1506 ramis
1099 1453 1321 1506 frondea
1349 1452 1492 1506 facta
1521 1470 1644 1504 casa
1674 1460 1754 1507 est
1764 1472 1779 1514 3

403 1544 525 1595 pars
555 1524 648 1577 ubi
677 1543 773 1595 pro
804 1524 986 1593 rigidis
1018 1524 1247 1578 calamos
1278 1532 1508 1576 statuere
1539 1521 1815 1586 columnis,

290 1611 374 1650 530
476 1596 703 1665 desuper
732 1604 969 1649 extentas
999 1595 1297 1664 imposuere
1328 1603 1497 1664 togas.

406 1668 512 1719 sole
543 1675 720 1719 tamen
750 1666 981 1735 vinoque
1011 1667 1208 1728 calent,
1239 1683 1509 1733 annosque
1539 1672 1840 1733 precantur,

476 1746 605 1805 quot
635 1746 843 1789 sumant
875 1737 1115 1806 cyathos,
1149 1737 1217 1789 ad
1245 1753 1632 1803 numerumque
1662 1734 1869 1788 bibunt.

404 1807 639 1861 invenies
669 1808 801 1871 illic,
833 1809 925 1876 qui
953 1808 1192 1860 Nestoris
1223 1807 1404 1860 ebibat
1433 1824 1616 1867 annOS,

477 1897 613 1948 quae
644 1879 712 1931 sit
740 1897 837 1949 per
865 1879 1055 1932 calices
1084 1878 1228 1931 facta
1261 1877 1467 1947 Sibylla
1497 1895 1636 1930 suos.

293 1965 375 2004 535
404 1949 511 2003 illic
541 1958 594 2003 et
623 1958 861 2011 cantant,
894 1949 1147 2018 quicquid
1178 1949 1408 2002 didicere
1438 1947 1674 2010 theatris,

478 2030 531 2074 et
558 2021 756 2073 iactant
784 2021 967 2074 faciles
998 2020 1066 2072 ad
1097 2039 1194 2073 sua
1222 2019 1387 2073 verba
1415 2038 1604 2071 manus

406 2100 460 2145 et
490 2091 690 2144 ducunt
719 2092 891 2161 posito
920 2091 1125 2144 iunctas
1157 2099 1356 2144 cratere
1387 2090 1623 2153 choreas,

478 2163 726 2230 cultaque
756 2162 964 2214 diffusis
996 2163 1152 2214 saltat
1182 2162 1352 2215 amica
1381 2160 1561 2214 comis.
1811 2218 1815 2221 ,

408 2251 529 2286 cum
557 2234 802 2294 redeunt,
834 2233 1065 2287 titubant
1094 2242 1147 2286 et
1177 2241 1298 2286 sunt
1329 2232 1630 2302 spectacula
1660 2231 1822 2300 volgi,

293 2320 377 2361 540
479 2313 531 2356 et
560 2304 855 2357 fortunatos
886 2303 1046 2356 obvia
1074 2303 1231 2357 turba
1260 2312 1432 2356 vocat.

408 2375 612 2428 occurri
641 2393 826 2444 nuper.
901 2375 1015 2426 visa
1045 2382 1124 2427 est
1152 2373 1284 2427 mihi
1315 2373 1478 2443 digna
1506 2372 1677 2426 relatu

428 2451 433 2459 '
478 2464 698 2515 pompa:
729 2464 908 2498 senem
938 2453 1124 2514 potum
1153 2454 1280 2514 pota
1308 2444 1551 2497 trahebat
1581 2462 1732 2496 anus,

408 2534 545 2584 quae
574 2525 752 2568 tamen
780 2516 913 2569 haec
943 2515 1043 2568 dea
1072 2515 1163 2578 sit,
1192 2515 1443 2583 quoniam
1474 2513 1774 2567 rumoribus
1806 2523 1965 2578 errat,

479 2587 663 2640 fabula
691 2587 960 2656 proposito
989 2586 1136 2640 nulla
1165 2586 1396 2656 tegenda
1424 2603 1561 2638 meo·

294 2673 378 2712 545
411 2667 609 2710 arserat
637 2658 858 2711 Aeneae
888 2657 1034 2709 Dido
1064 2657 1378 2710 miserabilis
1406 2657 1549 2726 igne,

481 2737 681 2781 arserat
711 2728 990 2781 exstructis
1020 2728 1076 2780 in
1106 2747 1203 2781 sua
1232 2728 1343 2781 fata
1371 2727 1542 2797 rogis3

410 2799 835 2870 compositusque
866 2799 1021 2862 cinis,
1050 2799 1347 2867 tumulique
1376 2799 1431 2855 in
1461 2816 1722 2854 marmore
1751 2815 1967 2851 carmen

480 2870 582 2923 hoc
610 2871 797 2933 breve,
828 2870 972 2938 quod
1002 2870 1231 2924 moriens
1261 2871 1379 2940 ipsa
1407 2869 1642 2937 reliquit,
1674 2878 1811 2922 erat:

410 2941 677 3011 ‘praebuit
706 2942 921 2994 Aeneas
952 2950 1004 2995 et
1034 2959 1251 2994 causam
1278 2941 1462 2995 mortis
1494 2950 1547 2993 et
1581 2959 1778 2995 ensem.

294 3027 379 3067 550
480 3012 596 3081 ipsa
625 3031 722 3065 sua
752 3012 899 3064 Dido
930 3012 1160 3065 concidit
1188 3031 1286 3065 usa
1315 3011 1513 3069 manu?

408 3083 648 3153 protinus
679 3082 938 3135 invadunt
966 3083 1232 3139 Numidae
1263 3083 1374 3136 sine
1404 3081 1613 3136 vindice
1642 3099 1887 3151 regnum,

482 3162 534 3206 et
562 3153 761 3223 potitur
789 3162 945 3223 capta
972 3153 1200 3207 Maurus
1231 3153 1390 3206 Iarba
1421 3153 1578 3205 domo

410 3241 573 3292 seque
602 3242 805 3276 memor
835 3232 1094 3293 spretum,
1124 3224 1392 3277 ‘thalamis
1421 3223 1621 3281 tamen'
1652 3222 1822 3291 inquit
1852 3222 2085 3276 ‘Elissae

481 3314 549 3347 en
579 3312 705 3364 eg0,
736 3312 896 3362 quem
925 3294 1116 3347 totiens
1146 3294 1378 3363 reppulit
1405 3293 1520 3356 illa,
1550 3294 1726 3350 fruor?

295 3383 378 3423 555
411 3364 700 3435 diffugiunt
728 3364 903 3434 Tyrii,
934 3382 1040 3432 quo
1071 3381 1336 3433 quemque
1367 3364 1479 3434 agit
1509 3383 1678 3429 error,
1708 3373 1768 3419 ut
1797 3364 1924 3419 olim

483 3436 675 3490 amisso
694 3435 900 3494 ‚dubiae
929 3454 1056 3505 rege
1086 3445 1350 3505 vagantur
1381 3454 1524 3505 apes·
