2158 3906
454 300 769 371 'rms'rmM
797 325 919 370 Lm.
950 325 1010 371 v.
1040 325 1152 383 ΧΠ,
1182 325 1427 382 65-X1v‚
1458 325 1528 371 46.
1750 315 1854 368 199

139 425 382 483 detrahat
411 425 614 479 auctori
643 426 868 509 multum
898 426 1135 491 fortuna,
1165 427 1366 482 licebit:

213 506 272 551 tu
300 506 479 550 tamen
507 495 720 567 ingenio
753 498 894 551 clara
923 497 1091 552 ferere
1121 517 1256 561 me0‚

59 631 62 639 Δ
139 568 374 637 dumque
403 567 575 651 legar,
605 568 801 638 pariter
828 587 1038 621 mecum
1068 578 1160 622 tua
1189 569 1333 623 fama
1362 570 1591 640 legetur:
1884 586 1911 626 5

51 749 76 791 ²*

19 965 78 1097 e

58 1113 84 1166 ἴ

54 1315 75 1352 ι

35 1354 82 1662 ἒ

55 1718 74 1774 ι

211 656 318 692 non
346 645 497 721 potes
527 637 583 691 in
612 649 841 721 maestos
872 639 1040 692 omnis
1071 640 1216 694 abire
1247 658 1420 711 rogos.

138 726 386 792 cumque
397 708 497 762 viri
527 726 653 762 casu
682 709 852 780 possis
882 710 1181 764 miseranda
1211 686 1393 774 videri,

211 778 446 835 invenies
477 779 705 849 aliquas,
737 797 901 849 quae,
933 781 1074 849 quod
1106 801 1186 845 es,
1218 801 1331 836 esse
1361 782 1545 835 velint:

138 869 277 923 quae
307 859 386 914 te,
415 858 716 904 nostrorum
745 870 865 904 cum
897 851 967 904 sis
998 853 1052 904 in
1082 862 1231 935 parte
1260 854 1536 917 malorum,

212 920 420 976 felicem
451 921 629 975 dicant
658 922 1033 992 invideantque
1064 923 1175 976 t1bi.
1811 928 1819 935 '
1887 941 1939 981 10

137 1011 246 1048 non
276 1010 376 1076 ego
407 992 615 1046 divitias
647 993 821 1046 dando
853 993 948 1046 tibi
978 995 1129 1064 plura
1159 994 1443 1048 dedissem:

210 1063 284 1117 nil
314 1063 448 1118 feret
477 1063 546 1117 ad
576 1064 767 1118 Manes
799 1064 973 1118 divitis
1004 1065 1194 1118 umbra
1225 1084 1363 1119 suos.

46 1173 84 1298 {-
139 1129 382 1206 perpetui
411 1134 644 1188 fructum
675 1135 868 1189 donavi
898 1136 1148 1199 nominis3
1180 1136 1357 1205 idque,

210 1223 317 1275 quo
348 1205 473 1259 dare
502 1205 576 1258 nil
606 1206 754 1276 potui
785 1225 1002 1259 munere
1031 1207 1225 1269 maius,
1257 1207 1438 1260 habes.

56 1206 84 1311 Ξ
136 1275 274 1330 adde
305 1276 474 1346 quod,
504 1285 563 1329 ut
592 1296 767 1331 rerum
798 1278 908 1330 sola
939 1296 994 1330 es
1025 1277 1189 1330 tutela
1219 1296 1472 1339 mearum,
1887 1295 1938 1334 15

198 1346 279 1401 ad
309 1356 360 1401 te
391 1365 499 1401 non
528 1348 679 1418 parvi
709 1348 852 1401 venit
882 1348 1093 1400 honoris
1125 1366 1282 1410 onus3

135 1418 282 1488 quod
311 1436 481 1542 numq
480 1437 604 1472 uam
634 1436 738 1471 vox
767 1427 845 1472 est
876 1418 941 1471 de
972 1428 1022 1471 te
1054 1437 1172 1471 mea
1200 1427 1371 1481 muta,
1406 1418 1586 1487 tuique

208 1488 415 1543 iudiciis
444 1436 607 1543 debes
639 1508 753 1542 esse
786 1488 1015 1571 superba
1044 1488 1158 1541 viri.

135 1577 275 1631 quae
304 1578 371 1614 ne
402 1558 520 1628 quis
549 1559 716 1630 possit
745 1559 1022 1613 temeraria
1052 1558 1250 1622 dicere,
1281 1571 1458 1630 persta

126 1678 135 1691 .
209 1639 261 1685 et
288 1629 486 1702 pariter
514 1649 668 1684 serva
695 1648 885 1713 meque
915 1630 1162 1714 piamque
1193 1630 1367 1683 fidem.
1882 1650 1938 1689 20

136 1721 259 1758 nam
289 1710 407 1764 tua,
439 1700 567 1755 dum
597 1701 862 1765 stetimus,
894 1701 1033 1772 turpi
1064 1701 1175 1755 sine
1207 1702 1423 1755 crimine
1454 1701 1646 1756 mansit

207 1780 260 1827 et
288 1790 496 1843 semper
525 1771 804 1843 probitas
790 1792 901 1826 1nre
943 1772 1165 1827 rehensa
1195 1772 1310 1825 tuit.

64 1829 74 1846 Ἴ
135 1862 260 1898 area
289 1843 354 1897 de
385 1852 566 1897 nostra
593 1862 735 1897 nunc
766 1853 846 1897 est
875 1844 911 1897 ti
953 1844 1142 1897 ifacta
1171 1844 1345 1897 ruina:

209 1914 553 1985 conspicuum
582 1914 748 1967 virtus
779 1915 863 1968 hic
894 1925 985 1968 tua
1014 1924 1177 1985 ponat
1207 1914 1365 1985 opus!

135 2004 251 2040 esse
281 1985 476 2039 bonam
506 1985 661 2039 facile
692 1994 784 2050 est,
815 1986 925 2049 ubi,
957 1986 1101 2054 quod
1130 1996 1270 2040 vetet
1294 2005 1425 2049 esse,
1457 1996 1717 2040 remotum
1747 1996 1842 2051 est,
1879 2005 1932 2044 25

208 2065 261 2111 et
289 2056 420 2110 nihil
450 2055 626 2110 officio
637 2067 822 2140 nupta
852 2058 994 2126 quod
1025 2057 1196 2110 obstet
1228 2057 1410 2110 habet.

59 2131 83 2193 232:
135 2145 258 2183 cum
289 2127 420 2181 deus
449 2126 698 2190 intonuit,
730 2146 836 2180 non
866 2147 922 2181 se
954 2128 1247 2181 subducere
1278 2128 1475 2192 nimb0,

205 2198 262 2254 id
292 2198 507 2252 demum
537 2207 615 2252 est
644 2198 812 2282 pietas
843 2208 892 2252 et
926 2199 1130 2252 socialis
1162 2217 1324 2251 amor.

68 2272 82 2308 ’··
137 2259 255 2324 rai-a
284 2269 500 2339 quidem
530 2278 609 2323 est
637 2269 827 2333 virtus,
860 2289 1020 2339 quam
1049 2288 1155 2322 non
1186 2270 1425 2322 Fortuna
1453 2270 1733 2341 gubernet,

208 2345 346 2410 quae
375 2349 586 2394 maneat
616 2341 814 2403 stabili,
846 2359 967 2394 cum
997 2340 1136 2411 fugit
1166 2340 1279 2404 illa,
1310 2341 1460 2410 pede.
1877 2359 1933 2399 30

67 2435 70 2438 ⁴
138 2411 185 2466 si
209 2429 319 2495 qua
348 2420 526 2465 tamen
554 2411 711 2482 pretii
741 2411 841 2464 sibi
871 2431 1072 2465 merces
1103 2412 1219 2482 ipsa
1248 2412 1398 2482 petiti

207 2481 367 2552 inque
398 2501 587 2554 parum
616 2483 765 2536 laetis
796 2483 961 2536 ardua
990 2483 1149 2535 rebus
1181 2483 1352 2535 adest·

139 2561 198 2606 ut
226 2561 434 2624 tempus
463 2573 733 2618 numereS,
765 2573 859 2625 per
889 2555 1100 2608 saecula
1129 2554 1275 2606 nulla
1305 2563 1525 2618 tacetur,

209 2632 262 2678 et
289 2625 407 2678 loca
435 2625 716 2688 mirantur,
747 2643 853 2694 qua
882 2635 1027 2696 patet
1057 2625 1198 2677 orbis
1228 2625 1342 2678 iter.

138 2694 353 2766 aspicis,
384 2703 445 2748 ut
472 2695 633 2778 longo
664 2706 840 2749 teneat
869 2696 1148 2749 laudabilis
1180 2715 1311 2749 aevo
1882 2715 1935 2754 35

208 2783 402 2820 nomen
433 2765 779 2819 inextmctum
809 2767 1113 2837 Penelopea
1142 2767 1307 2820 fides?

70 2827 77 2830 ⁴
138 2836 333 2899 cernis,
363 2845 424 2889 ut
453 2837 675 2892 Admeti
704 2846 942 2890 cantetur
971 2848 1023 2890 et
1052 2838 1299 2890 Hectoris
1330 2855 1465 2890 uxor

210 2925 444 2991 ausaque
473 2907 528 2960 in
558 2925 807 2961 accensos
837 2908 1064 2977 Iphias
1050 2927 1125 2960 1re
1154 2908 1344 2978 rogos?

139 2987 199 3032 ut
227 2978 372 3032 vivat
401 2977 545 3030 fama
575 2979 806 3031 coniunx
834 2978 1147 3048 Phylaceia,
1179 2978 1330 3031 cuius

209 3049 430 3102 Iliacam
462 3049 618 3103 celeri
648 3049 728 3102 vir
756 3049 891 3120 pede
922 3049 1112 3119 plessit
1142 3048 1395 3101 humum?
1884 3069 1942 3109 40

139 3130 307 3174 morte
337 3119 469 3173 nihil
499 3137 632 3190 opus
665 3129 744 3174 est
772 3139 868 3190 pro
898 3139 1008 3182 me,
1040 3119 1132 3173 sed
1164 3138 1341 3173 amore
1369 3119 1604 3190 fideque.

210 3209 319 3244 non
349 3209 416 3245 ex
445 3190 648 3244 difficili
676 3191 820 3244 fama
849 3191 1078 3261 petenda
1107 3191 1203 3244 tibi
1233 3200 1327 3245 est.

141 3278 240 3315 nec
267 3270 320 3315 te
351 3261 658 3326 credideris,
689 3263 814 3331 quia
843 3280 952 3316 non
979 3262 1135 3325 facis,
1165 3262 1267 3315 ista
1294 3263 1521 3316 moneri·

213 3332 332 3386 vela
361 3332 573 3407 damus,
604 3333 846 3404 quamvis
877 3334 1077 3404 remige
1105 3333 1256 3387 navis
1289 3343 1387 3387 eat

141 3401 236 3472 qui
263 3413 465 3467 monet,
494 3413 554 3457 ut
581 3403 771 3469 facias,
802 3405 988 3474 quod
974 3424 1081 3458 lam
1110 3404 1312 3468 faciS,
1296 3424 1411 3475 ipse
1443 3405 1706 3460 monendo
1887 3424 1943 3464 45

214 3472 396 3526 laudat
425 3484 476 3528 et
505 3474 716 3548 hortatu
745 3476 1053 3547 comprobat
1083 3484 1202 3530 acta
1231 3494 1343 3530 suo·
