2158 3906
526 352 840 401 TRISTIUM
868 351 989 398 Lm.
1020 351 1079 399 v.
1109 350 1149 410 1,
1181 350 1356 408 πει-Π,
1388 351 1455 396 78.
1746 340 1849 393 185

139 458 267 532 quid
297 456 507 512 dubitas
538 464 592 510 et
621 464 737 509 tuta
765 454 950 508 times?
982 453 1172 508 accede
1202 469 1461 523 rogaque:

211 528 442 585 Caesare
471 526 547 580 nil
575 526 763 596 ingens
792 525 971 578 mitius
1001 524 1142 578 orbis
1172 523 1349 578 habet.

139 620 224 658 me
246 596 519 654 miserum!
552 597 681 666 quid
706 615 881 668 agam,
912 596 958 649 si
986 595 1228 666 proxima
1256 612 1498 664 quaeque
1526 593 1862 664 relinquunt?

210 668 474 726 subtrahis
504 667 723 723 effracto
753 677 811 720 tu
842 683 1056 735 quoque
1087 667 1222 720 colla
1250 666 1410 736 iugo?
1877 684 1934 720 40

140 761 246 813 quo
275 740 448 796 ferar?
477 739 826 809 unde'petam
856 737 1017 808 lapsis
1049 737 1244 791 solacia
1272 737 1463 791 rebus?

57 851 64 863 J
209 830 404 868 ancora
431 810 538 864 iam
567 818 802 863 nostram
830 827 937 862 non
966 817 1109 862 tenet
1138 807 1247 862 ulla
1275 817 1459 862 ratem.

59 911 63 922 ι
140 881 350 939 videritl
380 882 495 966 ipsc
525 898 753 944 sacram,
783 879 1026 950 quamvis
1056 879 1281 942 invisus,
1313 879 1382 932 ad
1412 897 1558 932 aram

210 953 539 1025 confugiam:
571 952 744 1006 nullas
774 958 1072 1005 summovet
1101 968 1193 1004 ara
1221 969 1425 1004 manus.

138 1095 282 1150 Adlo
321 1114 418 1150 uor
447 1114 514 1150 en
544 1094 735 1148 absens
767 1093 1006 1147 absentia
1034 1091 1253 1145 numina
1283 1092 1522 1162 supplex,
1878 1108 1935 1147 45

66 1175 67 1178 ’
210 1167 255 1221 si
308 1186 366 1220 as
397 1174 477 1220 est
504 1165 704 1219 homini
735 1182 856 1218 cum
886 1164 1014 1217 Iove
1043 1181 1200 1233 posse
1230 1163 1390 1231 loqui.

66 1286 69 1291 .
141 1237 334 1292 arbiter
363 1236 593 1308 imperii,
625 1254 731 1305 quo
762 1244 963 1289 certum
994 1244 1074 1287 est
1104 1232 1300 1303 sospite
1331 1242 1547 1285 cunctos

209 1309 484 1363 Ausoniae
515 1326 696 1362 curam
724 1306 899 1377 gentis
928 1304 1123 1358 habere
1153 1303 1297 1365 deos,

14 1371 15 1385 ³
58 1379 63 1401 ¹
139 1398 171 1434 o
202 1379 387 1443 decus,
418 1397 450 1432 o
479 1377 679 1462 patriae
707 1395 803 1448 per
832 1385 884 1430 te
914 1374 1144 1429 florentis
1174 1374 1370 1456 imagO,

209 1468 241 1504 o
271 1450 353 1504 vir
380 1468 488 1504 non
516 1466 659 1520 ipsc,
690 1465 850 1517 quem
879 1445 1044 1528 regis,
1076 1445 1203 1498 orbe
1233 1443 1425 1497 mmor!
1881 1462 1939 1501 50

13 1582 15 1590 A
56 1516 68 1552 ’ἶ
139 1522 215 1576 sic
244 1520 450 1575 habites
481 1530 646 1574 terras
677 1528 729 1573 et
758 1526 810 1571 te
841 1515 1102 1571 des1deret
1132 1514 1328 1578 aether,

210 1592 285 1646 sic
317 1591 386 1646 ad
415 1600 572 1663 pacta
600 1589 696 1643 tibi
727 1588 900 1642 sidera
928 1585 1110 1641 tardus
1142 1604 1248 1648 eas,

138 1681 319 1735 parce,
349 1679 559 1734 precor,
590 1659 967 1729 minimamque
997 1667 1089 1711 tuo
1120 1657 1186 1710 de
1216 1656 1436 1711 fulmine
1466 1667 1672 1727 partem

211 1732 387 1788 deme!
419 1732 546 1787 satis
574 1749 804 1803 poenae,
834 1729 979 1800 quod
1010 1728 1304 1812 superabit,
1336 1728 1447 1782 erit.

138 1806 217 1860 ira
245 1804 460 1876 quidem
487 1803 760 1858 moderata
788 1811 882 1855 tua
912 1811 1013 1863 est,
1044 1811 1313 1868 vitamque
1345 1799 1553 1863 dedisti,
1882 1816 1936 1854 55

209 1894 308 1932 nec
336 1874 467 1929 mihi
494 1873 577 1928 ius
608 1873 768 1937 civis,
791 1890 890 1926 nec
919 1870 1049 1925 mihi
1078 1888 1271 1924 nomen
1303 1870 1468 1931 abest,

139 1966 237 2005 nec
266 1965 386 2001 mea
416 1963 666 2000 concessa
695 1953 775 1999 est
805 1943 920 1997 aliis
950 1942 1188 2005 fortuna,
1219 1959 1318 1995 nec
1349 1941 1472 1995 exul

211 2017 369 2073 edicti
386 2016 573 2072 .verbis
602 2015 844 2070 nominor
873 2014 986 2085 ipse
1016 2013 1110 2067 tui.

140 2089 421 2158 omniaque
450 2087 583 2142 haec
612 2086 788 2149 timui,
820 2085 1070 2155 quoniam
1098 2083 1354 2138 meruisse
1385 2082 1620 2137 videbar.

212 2160 305 2215 sed
334 2170 428 2213 tua
455 2167 674 2230 peccato
704 2156 871 2210 lenior
899 2155 978 2208 ira
1007 2173 1125 2209 meo
1157 2164 1251 2209 est.
1883 2171 1940 2210 60

141 2251 269 2286 arva
298 2231 592 2301 relegatum
621 2227 821 2282 iussisti
850 2226 1018 2280 visere
1048 2226 1209 2279 Ponti

211 2311 263 2357 et
294 2300 606 2373 Scythicum
635 2299 864 2371 profuga
894 2297 1131 2351 scindere
1162 2315 1340 2367 puppe
1371 2295 1582 2350 fretum.

141 2373 314 2428 iussus
346 2372 415 2426 ad
444 2371 643 2425 Euxini
675 2369 933 2424 deformia
961 2369 1114 2422 litora
1144 2368 1266 2421 veni

211 2443 469 2514 aequoris·
543 2442 675 2496 haec
704 2441 881 2512 gelido
911 2450 1050 2493 terra
1080 2439 1180 2492 sub
1212 2457 1308 2491 axe
1339 2437 1489 2491 iacet.

140 2534 238 2571 nec
268 2533 353 2569 me
382 2523 492 2568 tam
522 2514 721 2567 cruciat
749 2529 1041 2580 numquam
1073 2510 1184 2564 sine
1214 2510 1412 2579 frigore
1443 2509 1648 2563 caelum
1884 2526 1939 2564 65

211 2585 507 2657 glaebaque
537 2583 747 2638 canenti
778 2601 984 2653 semper
1014 2581 1204 2635 adusta
1233 2580 1375 2651 gelu,

141 2657 423 2725 nesciaque
454 2664 534 2710 est
562 2655 706 2708 vocis
740 2654 886 2723 quod
916 2652 1142 2706 barbara
1171 2651 1355 2721 lingua
1385 2650 1628 2712 Latinae,

214 2726 487 2796 Graiaque
516 2725 662 2794 quod
691 2724 883 2779 Getico
913 2724 1055 2777 victa
1083 2723 1296 2792 loquela
1326 2740 1455 2775 sono
1486 2732 1587 2775 est:

68 2827 72 2829 >
142 2817 303 2869 quam
331 2797 475 2867 quod
504 2796 724 2849 finitimo
755 2796 957 2849 cinctus
986 2812 1197 2864 premor
1224 2793 1461 2861 undique
1491 2792 1687 2854 Marte,

212 2869 407 2938 vixque
438 2867 613 2921 brevis
642 2875 784 2920 tutos
812 2884 996 2919 murus
1027 2865 1096 2918 ab
1125 2864 1275 2917 hoste
1305 2863 1449 2917 facit.
1886 2881 1941 2918 το

141 2959 248 3012 pax
277 2949 456 2993 tamen
485 2938 751 2992 interdum
781 2946 885 3000 est,
915 2935 1061 3006 pacis
1092 2934 1287 2988 fiducia
1314 2951 1621 3002 numquam.

215 3011 290 3065 sic
319 3010 406 3064 hic
434 3027 576 3063 nunc
606 3009 828 3079 patitur,
857 3024 1000 3060 nunc
1030 3005 1180 3059 timet
1210 3024 1356 3057 arma
1386 3005 1549 3058 locuS.

143 3081 266 3136 hinc
296 3099 397 3152 ego
429 3081 557 3134 dum
585 3088 781 3143 muter,
813 3079 898 3132 vel
926 3096 1012 3131 me
1044 3077 1309 3130 Zanclaea
1340 3073 1641 3145 Charybdis

217 3152 432 3208 devoret
463 3160 622 3220 atque
653 3150 762 3204 suis
792 3149 862 3204 ad
893 3147 1065 3219 Styga
1093 3147 1267 3200 mittat
1297 3146 1466 3215 aquis,

145 3223 230 3277 vel
258 3222 474 3294 rapidae
504 3221 729 3275 flammis
759 3239 883 3274 urar
912 3219 1172 3290 patienter
1200 3219 1257 3271 in
1285 3217 1513 3280 Aetnae,
1887 3234 1941 3273 75

215 3294 302 3348 vel
330 3293 466 3348 freta
495 3292 755 3348 Leucadii
783 3291 962 3345 mittar
989 3290 1045 3344 in
1075 3290 1182 3343 alta
1212 3288 1319 3343 dei!

147 3363 291 3432 quod
319 3364 569 3435 petimus,
599 3382 771 3434 poena
800 3372 903 3417 est:
933 3379 1107 3430 neque
1137 3360 1278 3414 enim
1308 3360 1468 3413 miser
1498 3378 1612 3415 esse
1642 3377 1846 3422 recuso,

220 3433 315 3488 sed
341 3452 550 3505 precor,
580 3444 640 3488 ut
668 3434 866 3506 possim
895 3433 1059 3487 tutius
1090 3451 1204 3487 esse
1234 3430 1411 3486 miser.
