2158 3906
350 307 457 360 110
899 315 952 359 P.
987 313 1193 360 OVIDII
1222 311 1493 359 NASONIS

350 421 533 489 ‘dique
565 420 766 487 virique
795 417 919 478 loci,
950 416 1171 469 miserae
1203 415 1488 468 succurrite
1519 413 1723 466 matril'

423 493 618 544 clamor
649 487 901 541 Aventini
932 506 1060 539 saxa
1090 487 1386 556 propinqua
1415 485 1550 538 ferit.

351 563 623 631 appulerat
655 560 798 628 ripae
830 575 1018 610 vaccas
1051 555 1286 610 Oetaeus
1318 557 1574 609 Hiberas:

238 651 321 691 520
422 631 591 692 audit,
624 640 675 682 et
705 629 773 680 ad
804 646 986 681 vocem
1018 628 1252 680 concitus
1283 636 1439 697 urget
1467 627 1581 680 iter.

352 701 599 755 Herculis
632 700 885 762 adventu,
918 717 1054 767 quae
1085 699 1191 750 vim
1223 699 1380 751 modo
1410 697 1547 751 ferre
1576 696 1852 767 parabant,

424 772 596 841 turpia
626 770 884 823 femineae
915 780 1064 839 terga
1095 769 1287 822 dedere
1318 769 1496 839 fugae.

353 842 504 912 ‘quid
534 842 668 911 petis
698 840 851 902 hinc,’
876 870 947 879 —-
973 849 1222 910 cognorat
1247 839 1385 892 enim
1406 870 1478 878 —
1500 845 1804 892 ‘matertera
1826 833 2065 889 Bacchi?

423 932 489 965 an
520 925 740 974 numen,
771 911 915 979 quod
945 930 1051 972 me,
1083 921 1133 964 te
1164 928 1374 979 quoque
1405 909 1615 964 vexat?’
1649 909 1740 962 ait.

239 1001 321 1040 525
353 984 441 1036 illa
473 983 625 1035 docet
654 982 870 1053 partim,
901 982 1092 1051 partim
1124 981 1421 1051 praesentia
1451 981 1561 1033 nati

426 1054 676 1117 continet,
710 1064 757 1106 et
791 1053 941 1105 furiis
971 1053 1024 1105 in
1058 1054 1228 1106 scelus
1259 1053 1361 1105 isse
1391 1051 1571 1122 pudet.

353 1144 556 1188 rumor,
586 1135 644 1178 ut
676 1134 754 1177 est
784 1125 962 1187 velox,
995 1124 1204 1194 agitatis
1235 1123 1472 1193 pervolat
1503 1123 1613 1185 alis,

426 1206 607 1264 estque
639 1196 911 1264 frequens,
944 1196 1064 1258 Ino,
1095 1213 1289 1247 nomen
1318 1195 1373 1246 in
1403 1212 1492 1247 ore
1523 1205 1691 1246 tuum.

355 1267 564 1336 hospita
596 1265 894 1319 Carmentis
925 1266 1058 1318 fidos
1088 1266 1308 1319 intrasse
1338 1265 1568 1318 Penates

241 1355 325 1394 530
428 1338 613 1391 diceris
647 1348 695 1390 et
726 1339 939 1407 longam
971 1337 1276 1406 deposuisse
1307 1336 1520 1389 famem.

354 1409 463 1461 liba
493 1428 589 1461 sua
618 1418 896 1478 properata
924 1427 1085 1459 manu
1116 1408 1362 1477 Tegeaea
1393 1406 1636 1459 sacerdos

426 1480 649 1532 traditur
678 1480 730 1531 in
762 1479 934 1531 subito
966 1488 1114 1531 cocta
1145 1478 1350 1530 dedisse
1381 1477 1518 1530 foco.

355 1568 496 1603 nunc
527 1568 738 1619 quoque
767 1550 874 1602 liba
903 1550 1087 1602 iuvant
1117 1549 1263 1602 festis
1293 1548 1612 1601 Matralibus
1642 1547 1811 1600 illam:

427 1622 621 1674 rustica
653 1621 900 1674 sedulitas
931 1620 1127 1690 gratior
1157 1630 1266 1672 arte
1297 1620 1412 1671 fuit.

243 1709 325 1748 535
359 1692 563 1754 ‘nunc,'
597 1692 668 1745 ait.
700 1699 754 1744 ‘o
786 1701 956 1754 vates,
989 1692 1251 1759 venientia
1282 1690 1391 1743 fata
1420 1690 1648 1758 resigna,

428 1782 534 1831 qua
563 1763 698 1816 licet.
773 1762 1011 1832 hospitiis
1042 1762 1165 1823 hoc,
1197 1779 1405 1831 precor,
1438 1760 1572 1812 adde
1603 1758 1767 1811 meis.'

355 1853 521 1903 parva
550 1852 698 1886 mora
729 1844 828 1887 est:
862 1834 1064 1886 caelum
1096 1844 1241 1885 vates
1273 1849 1335 1883 ac
1364 1831 1582 1883 numina
1612 1829 1771 1882 sumit

426 1905 589 1972 fitque
621 1905 701 1957 sui
732 1914 841 1956 toto
872 1915 1082 1974 pectore
1113 1904 1268 1973 plena
1298 1902 1400 1954 dei.

358 1975 445 2027 vix
476 1975 619 2027 illam
651 1975 824 2028 subito
856 1993 1036 2044 posses
1067 1992 1408 2045 cognoscere:
1440 1982 1584 2025 tanto

243 2063 327 2102 540
430 2047 735 2099 sanctioret
768 2056 938 2108 tant0,
972 2063 1130 2114 quam
1162 2045 1343 2106 modO,
1373 2044 1542 2096 maior
1571 2051 1699 2096 erat.

358 2118 519 2170 ‘laeta
549 2135 750 2170 canani.
824 2117 1021 2187 gaude,
1054 2116 1304 2169 defuncta
1331 2115 1600 2168 laboribus
1630 2111 1775 2166 Inol'

430 2188 561 2240 dixit
593 2195 666 2240 ‘et
696 2188 819 2240 huic
849 2189 1045 2259 populo
1076 2205 1325 2258 prospera
1355 2204 1562 2256 semper
1592 2183 1741 2238 ades!

357 2279 554 2312 numen
585 2260 685 2312 eris
715 2260 912 2329 pelagi:
945 2269 1127 2311 natum
1159 2276 1369 2327 quoque
1399 2266 1592 2327 pontus
1623 2254 1856 2309 habebit.

429 2330 483 2382 in
514 2331 698 2383 vestris
730 2331 872 2382 aliud
903 2330 1092 2383 sumite
1123 2347 1316 2381 nomen
1347 2328 1514 2396 aquis.

246 2418 327 2456 545
359 2401 666 2454 Leucothea
701 2399 883 2463 Grais,
914 2401 1128 2471 Matuta
1157 2400 1414 2452 vocabere
1444 2397 1664 2451 nostris:

430 2473 484 2523 in
518 2482 695 2541 portus
725 2482 847 2524 nato
878 2472 958 2523 ius
991 2471 1086 2524 erit
1118 2489 1271 2524 omne
1302 2479 1409 2522 tuo.

360 2561 517 2611 quem
548 2561 642 2594 nos
674 2542 994 2604 Portunum,
1027 2561 1122 2594 sua
1151 2542 1334 2612 lingua
1362 2540 1688 2593 Palaemona
1717 2538 1875 2592 dicet.

431 2614 525 2676 ite,
557 2631 765 2683 precor,
795 2613 985 2666 nostris
1018 2631 1218 2680 aequus
1248 2622 1469 2680 uterque
1501 2609 1679 2663 locisl’

361 2684 631 2737 adnuerat.
708 2685 965 2754 promissa
994 2684 1139 2736 fides.
1214 2701 1438 2753 posuere
1467 2681 1699 2743 labores3

247 2773 330 2811 550
432 2756 646 2807 nomina
674 2764 966 2807 mutarunt:
999 2755 1084 2807 hic
1115 2755 1270 2817 deus,
1302 2754 1391 2806 illa
1422 2753 1523 2806 dea
1554 2762 1649 2805 est.
1679 2781 1754 2791 —-

362 2845 454 2878 cur
485 2836 625 2879 vetet.
657 2827 870 2879 ancillas
902 2826 1174 2886 accedere,
1208 2823 1489 2894 quaeritis?
1519 2823 1627 2875 odit
1638 2843 1652 2886 ;

431 2898 853 2967 principiumque
885 2897 1014 2959 odii,
1046 2897 1089 2949 si
1121 2897 1255 2948 sinat
1286 2897 1398 2957 illa,
1430 2913 1633 2947 canam.

362 2988 467 3020 una
497 2969 852 3021 ministrarum
884 2968 1033 3020 solita
1065 2979 1165 3030 est,
1200 2965 1447 3028 Cadmei,
1478 2976 1690 3018 tuarum

434 3058 590 3108 saepe
623 3040 722 3092 sub
753 3040 1027 3109 amplexus
1059 3039 1296 3107 coniugis
1327 3038 1401 3090 ire
1431 3037 1525 3090 tui.

248 3128 329 3165 555
362 3109 631 3178 improbus
663 3110 799 3162 hanc
831 3110 1091 3161 Athamas
1122 3109 1300 3160 furtim
1334 3106 1536 3161 dilexit:
1570 3107 1639 3159 ab
1667 3105 1759 3158 illa.

435 3181 688 3250 comperit
719 3180 962 3249 agricolis
994 3180 1195 3232 semina
1224 3189 1360 3231 tosta
1393 3178 1522 3229 dari.

361 3250 477 3320 ipsa
508 3251 720 3318 quidem
752 3251 938 3303 fecisse
969 3260 1152 3319 negat,
1186 3249 1277 3301 sed
1307 3249 1450 3300 fama
1479 3247 1691 3319 recepit..

434 3322 532 3374 hoe
564 3331 665 3383 est,
699 3339 792 3373 cur
823 3320 942 3373 odio
973 3320 1039 3372 sit
1070 3320 1164 3371 tibi
1195 3338 1347 3372 serva
1377 3338 1582 3371 manus,
1613 3347 1685 3356 —-

362 3410 469 3445 non
500 3402 675 3444 tamen
708 3391 844 3444 hanc
873 3408 968 3460 pro
1000 3391 1158 3461 stirpe
1191 3409 1286 3442 sua
1316 3390 1404 3459 pia
1432 3399 1599 3443 mater
1630 3388 1837 3444 adoret:

249 3480 333 3519 560
435 3464 550 3532 ipsa
582 3482 769 3533 parum
801 3462 926 3515 felix
958 3461 1070 3515 visa
1100 3461 1263 3514 fuisse
1294 3479 1500 3531 parens·
