2158 3906
385 316 488 369 286
936 327 993 373 Ρ.
1027 327 1234 374 OVIDII
1262 328 1535 375 NASONIS

301 446 355 486 85
388 439 438 482 et
470 436 627 499 caput
657 436 709 483 et
737 429 921 499 plenas
953 448 1134 483 omnes
1164 449 1377 484 movere
1407 431 1699 501 pharetraS,

458 510 509 552 et
538 502 757 568 longum
790 499 980 553 Getico
1010 520 1248 553 murmur
1276 501 1331 554 in
1362 520 1451 555 ore
1481 502 1598 554 fuit.

388 580 544 637 atque
576 571 763 639 aliquis
796 571 1017 624 ‘scribas
1048 571 1179 625 haec
1211 590 1332 623 cum
1363 572 1428 625 de
1462 570 1733 637 Caesare,’
1766 572 1901 626 dixit

460 638 729 693 ‘Caesaris
759 641 979 711 imperio
1010 643 1363 696 restituendus
1395 643 1544 695 eras?

386 711 471 762 ille
504 711 716 778 quidem
750 712 903 764 dixit:
936 713 1029 766 sed
1059 732 1143 766 me
1173 713 1303 776 iam,
1337 711 1500 776 Care,
1531 714 1694 767 nivali

300 798 355 836 40
459 791 607 834 sexta
636 783 930 852 relegatum
960 783 1150 837 bruma
1180 784 1279 836 sub
1310 803 1410 838 axe
1440 785 1598 838 videt.

387 853 620 905 carmina
648 853 721 905 nil
752 863 989 923 prosunt.
1063 864 1357 908 nocuerunt
1387 856 1620 908 carmina
1650 856 1939 924 quondam,

456 923 732 992 primaque
762 934 871 977 tam
899 926 1123 979 miserae
1155 944 1314 978 causa
1343 925 1492 979 fuere
1521 926 1700 996 fugae.

386 1002 440 1045 at
470 1003 551 1057 tu,
582 1013 676 1064 per
706 996 864 1048 studii
896 996 1196 1049 communia
1225 996 1441 1049 foedera
1472 998 1622 1061 sacri,

371 1071 374 1073 ’
457 1084 552 1134 per
581 1084 687 1118 non
717 1066 820 1119 vile
850 1067 946 1119 tibi
976 1085 1170 1120 nomen
1201 1067 1479 1130 amicitiae,
1510 1099 1581 1107 —

300 1150 354 1188 45
387 1136 460 1188 sic
492 1136 847 1206 capto'Latiis
881 1136 1234 1191 Germanicus
1263 1138 1413 1191 hoste
1444 1138 1643 1193 catenis

456 1207 728 1260 materiam
761 1209 946 1261 vestris
978 1209 1182 1262 adferat
1210 1209 1459 1279 ingeniis:

387 1278 461 1331 sic
492 1279 702 1332 valeant
731 1280 905 1349 pueri,
937 1290 1119 1332 votum
1152 1298 1430 1334 commune
1462 1281 1697 1343 deorum,

458 1367 590 1417 quos
619 1350 735 1402 laus
766 1350 1069 1404 formandos
1102 1360 1180 1404 est
1209 1351 1305 1403 tibi
1333 1370 1530 1421 magna
1559 1352 1734 1404 datos:
1763 1379 1837 1391 —-·

385 1429 584 1488 quanta
613 1430 785 1490 potes,
817 1422 1012 1492 praebe
1042 1431 1251 1476 nostrae
1281 1432 1549 1475 momenta
1580 1422 1751 1484 saluti,

299 1505 356 1543 50
457 1509 593 1559 quae
623 1491 725 1544 nisi
755 1502 957 1546 mutato
988 1494 1133 1545 nulla
1163 1493 1344 1546 futura
1373 1493 1489 1546 loco
1521 1501 1616 1546 est.

1154 1606 1314 1660 XIV·
1704 1646 1969 1689 TUTICA
1981 1636 2095 1692 Nog

385 1702 537 1755 Haec
561 1703 656 1755 tibi
679 1704 972 1767 mitt-untur,
997 1723 1153 1773 quem
1179 1724 1294 1757 sum
1314 1705 1470 1757 modo
1489 1705 1717 1758 carmine
1735 1713 1950 1772 questus

456 1791 560 1825 non
594 1783 775 1843 aptum
805 1775 1037 1828 numeris
1067 1795 1260 1828 nomen
1290 1776 1485 1829 habere
1514 1776 1664 1838 meis,

344 1859 346 1861 ·
384 1843 439 1895 in
470 1844 684 1911 quibuS,
717 1855 936 1914 excepto
968 1846 1110 1914 quod
1142 1847 1315 1898 adhuc
1347 1855 1635 1913 utcumque
1667 1846 1920 1909 valemuS,

456 1915 553 1976 nil,
585 1933 669 1967 me
700 1926 970 1985 praeterea
1002 1917 1146 1984 quod
1176 1917 1344 1980 iuvet,
1375 1917 1627 1969 invenies·

328 2000 353 2039 5
383 1984 500 2054 ipsa
530 2003 741 2053 quoque
772 1996 850 2040 est
879 1987 1049 2039 invisa
1079 1988 1244 2050 salus,
1277 1997 1502 2056 suntque
1532 1987 1717 2040 ultima
1746 1995 1886 2051 vota,

455 2057 691 2123 quolibet
722 2075 786 2109 ex
817 2057 928 2110 istis
961 2058 1158 2111 scilicet
1186 2058 1261 2111 ire
1291 2058 1437 2111 locis.

383 2128 530 2180 nulla
558 2128 688 2179 mihi
719 2147 845 2181 cura
876 2139 976 2190 est,
1008 2139 1147 2182 terra
1175 2147 1281 2198 quo
1311 2129 1489 2182 mittar
1519 2130 1586 2182 ab
1615 2129 1738 2182 ista:

455 2198 555 2250 hac
586 2200 733 2267 quia,
765 2218 926 2267 quam
955 2199 1134 2261 videO,
1165 2200 1364 2270 gratior
1393 2200 1562 2253 omnis
1595 2200 1707 2253 erit.

383 2269 438 2321 in
469 2269 668 2322 medias
700 2269 910 2340 SyrteS,
941 2271 1170 2324 mediam
1200 2291 1319 2324 mea
1348 2272 1466 2325 vela
1496 2269 1808 2341 Charybdin

302 2355 354 2392 10
456 2340 670 2403 mittite,
702 2342 965 2410 praesenti
995 2342 1122 2395 dum
1153 2361 1426 2396 careamus
1456 2342 1635 2394 humo·

387 2410 522 2480 Styx
555 2429 791 2480 quoque,
823 2413 866 2464 si
896 2413 1024 2480 quid
1054 2432 1116 2466 ea
1147 2423 1248 2476 est,
1283 2414 1419 2467 bene
1450 2413 1858 2466 commutabitur
1888 2413 2095 2478 HistrO,

457 2482 499 2533 si
530 2482 657 2549 quid
688 2491 739 2535 et
768 2482 1010 2545 inferiUS,
1042 2501 1201 2550 quam
1233 2482 1429 2553 Styga,
1460 2484 1690 2536 mundus
1721 2483 1895 2537 habet.

384 2553 626 2621 gramina
656 2554 825 2605 cultus
857 2572 1006 2622 ager,
1037 2553 1205 2623 frigus
1236 2555 1410 2606 minus
1442 2554 1552 2606 odit
1582 2555 1822 2617 hirundo,

455 2623 696 2691 proxima
724 2623 1019 2676 Marticolis
1051 2642 1211 2692 quam
1241 2625 1358 2678 loca
1385 2625 1530 2678 Naso
1561 2623 1732 2679 Getis.
1757 2622 1771 2630 κ

301 2708 353 2747 15
385 2694 509 2746 talia
540 2704 845 2747 suscensent
874 2704 1087 2765 propter
1116 2695 1245 2747 mihi
1274 2696 1438 2749 verba
1466 2696 1725 2759 Tomitae,

455 2765 636 2833 iraque
668 2765 987 2818 carminibus
1017 2766 1231 2835 publica
1258 2774 1403 2820 mota
1432 2766 1580 2820 meis,

384 2854 510 2905 ergo
543 2853 642 2905 ego
675 2836 892 2889 cessabo
922 2854 1212 2904 numquam
1242 2856 1337 2908 per
1366 2838 1599 2891 carmina
1626 2837 1781 2902 laedi,

454 2907 653 2976 plectar
683 2916 735 2960 et
763 2907 974 2960 incauto
1006 2926 1212 2978 semper
1242 2909 1308 2961 ab
1339 2908 1584 2978 ingenio?

384 2996 510 3047 ergo
542 2995 667 3047 eg0,
698 2997 765 3031 ne
797 2978 1046 3042 scribam,
1078 2979 1270 3049 digitos
1300 2979 1529 3033 incidere
1561 2988 1793 3043 cunctor,

298 3064 353 3102 20
455 3049 663 3117 telaque
694 3049 867 3102 adhuc
898 3049 1114 3104 demens
1125 3089 1139 3113 ,
1172 3068 1307 3120 quae
1337 3068 1589 3113 nocuere,
1622 3051 1845 3119 sequor?

384 3118 452 3171 ad
482 3129 684 3173 veteres
717 3122 958 3189 scopulos
988 3121 1180 3174 iterum
1211 3121 1455 3175 devertor
1485 3131 1537 3174 et
1565 3122 1698 3183 illas,

453 3190 507 3241 in
538 3190 730 3257 quibus
762 3191 982 3244 offendit
1011 3192 1271 3261 naufraga
1301 3192 1518 3262 puppis,
1550 3192 1746 3259 aquas?

385 3259 478 3313 sed
507 3261 636 3312 nihil
667 3262 878 3324 admisi,
908 3262 1053 3314 nulla
1084 3272 1161 3314 est
1190 3282 1309 3315 mea
1339 3264 1517 3332 culpa,
1548 3262 1809 3325 Tomitae,

455 3348 587 3398 quos
618 3350 717 3402 ego
727 3370 741 3394 ,
774 3350 895 3384 cum
924 3332 1040 3385 loca
1071 3332 1168 3385 sim
1199 3342 1372 3385 vestra
1400 3350 1643 3401 perosus,
1676 3350 1814 3387 amc.

299 3418 351 3457 25
385 3401 603 3470 quilibet
634 3403 864 3454 excutiat
893 3402 1058 3454 nostri
1086 3403 1408 3455 monimenta
1435 3403 1655 3456 laboris:

454 3472 627 3525 littera
657 3472 721 3525 de
751 3472 900 3525 vobis
931 3481 1009 3525 est
1038 3492 1157 3526 mea
1187 3482 1372 3541 questa
1400 3473 1545 3525 nihil.

384 3543 552 3613 frigus
582 3552 634 3597 et
663 3543 901 3598 incursus
933 3543 1074 3596 omni
1105 3543 1170 3597 de
1200 3553 1348 3614 parte
1378 3543 1640 3598 timendos>
