2158 3906
395 303 466 355 92
954 310 1009 352 Ρ.
1042 309 1250 355 OVIDII
1278 309 1551 356 NASONJS

284 433 368 472 485
402 418 526 468 fana
557 423 733 466 tamen
764 420 966 463 veteres
997 411 1098 462 illis
1131 412 1365 464 clausere
1397 412 1605 475 diebuS,

472 495 530 537 ut
560 502 701 535 nunc
731 481 881 534 ferali
912 491 1146 550 tempore
1178 491 1360 551 operta
1388 483 1576 546 vides,

399 575 498 609 nec
530 555 720 605 viduae
752 552 917 604 taedis
949 552 1133 604 eadem
1163 571 1262 605 nec
1291 553 1510 622 virginis
1542 562 1667 623 apta

474 636 732 693 tempora:
767 641 903 690 quae
934 623 1138 692 nupsit,
1167 642 1274 675 non
1306 624 1552 676 diuturna
1582 625 1700 677 fuit.

400 697 499 748 hac
531 712 744 762 quoque
776 694 840 746 de
872 711 1056 755 causa,
1089 694 1133 746 si
1163 704 1213 746 te
1244 695 1523 764 proverbia
1553 703 1795 765 tangunt,

285 785 369 823 490
471 784 649 818 mense
681 765 846 816 malas
876 764 1026 816 Maio
1056 764 1256 817 nubere
1286 766 1476 834 volgus
1507 766 1594 818 ait.
1625 796 1697 804 —

401 838 493 889 sed
524 846 702 888 tamen
731 835 862 886 haec
892 835 992 886 tria
1023 844 1145 886 sunt
1175 835 1275 887 sub
1307 837 1493 889 eodem
1524 846 1760 906 tempore
1791 836 1946 900 festa,

470 907 606 959 inter
637 925 692 959 se
722 906 868 957 nulla
899 906 1205 958 continuata
1237 906 1338 959 die.

355 1068 357 1070 ·
399 1048 642 1115 Quorum
674 1047 717 1100 si
746 1047 932 1099 mediis
963 1048 1227 1100 Boeotum
1259 1045 1465 1100 Oriona
1495 1067 1736 1117 quaereS,
1916 1048 1990 1090 10·
2020 1049 2118 1095 ΒΟ
2157 1051 2158 1057 ’

469 1120 634 1172 falsus
667 1119 784 1171 eris.
861 1119 998 1188 signi
1029 1138 1189 1171 causa
1221 1119 1459 1171 canenda
1489 1119 1633 1171 mihi.
1770 1104 1838 1148 Π·
1872 1105 2110 1205 ΟῇΕῙΨ
2157 1136 2158 1139 ’

281 1208 365 1247 495
398 1191 639 1260 Iuppiter
669 1199 743 1252 et,
776 1191 882 1242 lato
914 1190 1006 1257 qui
1036 1200 1224 1259 regnat
1253 1190 1308 1241 in
1338 1208 1591 1257 aequore,
1622 1191 1786 1244 frater

471 1261 757 1330 carpebant
788 1260 954 1312 socias
987 1261 1391 1329 Mercuriusque
1424 1261 1552 1313 vias.

398 1342 606 1401 tempus
638 1341 772 1394 erat,
804 1349 908 1399 quo
940 1350 1092 1383 versa
1121 1331 1248 1400 iugo
1279 1331 1578 1384 referuntur
1608 1340 1797 1394 aratra,

471 1416 521 1455 et
550 1420 748 1472 pronus
780 1413 987 1454 saturae
1018 1402 1100 1454 lac
1132 1402 1264 1454 bibit
1294 1421 1463 1471 agnus
1494 1404 1623 1455 ovis.

397 1474 532 1525 forte
565 1493 725 1526 senex
756 1473 1015 1541 Hyrieus,
1048 1473 1258 1542 angusti
1290 1474 1458 1526 cultor
1488 1475 1661 1544 agelli,

283 1563 367 1602 500
470 1545 563 1596 hos
595 1545 761 1605 videt,
794 1545 1043 1613 exiguam
1075 1544 1246 1596 stabat
1275 1554 1334 1597 ut
1365 1554 1486 1597 ante
1518 1565 1714 1608 casam,

400 1624 556 1683 atque
586 1615 660 1667 ita
691 1615 872 1684 ‘longa
902 1615 988 1666 via
1020 1625 1119 1675 est,
1152 1634 1249 1667 nec
1280 1624 1517 1685 tempora
1546 1617 1707 1685 longa
1739 1617 2056 1686 supersunt,'

472 1686 603 1737 dixit
636 1691 709 1738 ‘et
740 1686 1035 1755 hospitibus
1067 1686 1224 1738 ianua
1254 1696 1433 1738 nostra
1463 1688 1640 1756 patet?
2087 1687 2098 1701 ⁴

342 1754 345 1759 “
399 1757 601 1809 addidit
632 1766 683 1808 et
714 1758 915 1808 voltum
946 1757 1119 1808 verbis
1152 1757 1447 1824 iterumque
1478 1758 1702 1826 rogavit.

470 1836 655 1896 parent
684 1827 953 1896 promissis
986 1827 1423 1895 dissimulantque
1455 1828 1596 1880 deos.

283 1917 367 1956 505
399 1907 538 1951 tecta
569 1898 708 1951 senis
740 1898 969 1950 subeunt
998 1898 1148 1967 nigro
1180 1898 1438 1950 deformia
1466 1899 1640 1952 fumo:

467 1969 604 2038 ignis
635 1969 691 2021 in
720 1968 964 2022 hesterno
997 1969 1170 2038 stipite
1200 1988 1395 2038 parvus
1427 1980 1555 2023 erat.

395 2040 508 2109 ipse
539 2059 682 2109 genu
712 2040 867 2092 nixus
898 2041 1137 2092 flammas
1169 2041 1453 2093 exsuscitat
1485 2061 1615 2094 aura

470 2120 521 2163 et
549 2110 743 2180 promit
774 2129 993 2179 quassas
1025 2112 1436 2180 comminuitque
1466 2112 1628 2165 faces.

398 2191 538 2234 stant
569 2181 775 2234 calices.
849 2182 1021 2234 minor
1048 2182 1171 2234 inde
1201 2183 1377 2245 fabas,
1409 2182 1561 2236 holus
1593 2184 1725 2237 alter
1753 2184 2001 2248 habebat,

280 2269 366 2308 510
471 2262 521 2305 et
553 2264 801 2322 spumant
831 2261 970 2306 testu
1000 2272 1213 2323 pressus
1245 2264 1467 2336 uterque
1498 2274 1611 2307 suo,

398 2322 631 2391 dumque
663 2342 810 2375 mora
840 2333 942 2385 est,
973 2324 1197 2376 tremula
1227 2325 1318 2376 dat
1347 2326 1469 2376 vina
1500 2326 1744 2379 rubentia
1775 2327 1983 2380 dextra:

469 2394 659 2463 accipit
689 2412 979 2461 aequoreus
1010 2395 1200 2464 pocula
1230 2396 1399 2464 prima
1429 2397 1575 2448 deus·

398 2483 534 2532 quae
567 2465 722 2516 simul
753 2465 1017 2528 exhausit,
1051 2466 1143 2517 ‘da
1172 2485 1314 2518 nunc
1343 2466 1491 2519 bibat
1521 2467 1726 2521 ordine’
1762 2467 1891 2520 dixit

471 2535 767 2617 ‘Iuppiter3’
843 2536 1021 2588 audito
1051 2537 1237 2606 palluit
1267 2537 1354 2589 ille
1385 2538 1530 2590 Iove.

282 2623 366 2662 515
397 2615 456 2657 ut
486 2606 641 2658 rediit
671 2606 901 2669 animm,
933 2607 1187 2660 cultorem
1217 2609 1506 2677 pauperis
1495 2610 1609 2678 agri

468 2677 705 2729 immolat
736 2686 785 2729 et
817 2697 1010 2747 magno
1042 2687 1203 2731 torret
1232 2679 1284 2730 in
1315 2679 1439 2747 igne
1471 2679 1678 2733 bovem.

398 2765 640 2815 quaeque
670 2767 802 2817 puer
831 2749 1098 2816 quondam
1128 2750 1310 2818 primis
1341 2750 1622 2803 diffuderat
1653 2752 1819 2815 annis,

339 2818 342 2821 ’
470 2819 662 2888 promit
692 2819 899 2872 fumoso
932 2820 1141 2872 condita
1173 2820 1295 2872 vina
1325 2821 1472 2873 cad0.

396 2907 494 2941 nec
525 2908 695 2942 mora:
728 2891 1032 2944 flumineam
1062 2892 1169 2943 lino
1202 2892 1492 2944 celantibus
1522 2893 1719 2957 ulvam,

283 2978 367 3016 520
469 2961 544 3013 sic
574 2979 785 3029 quoque
814 2980 922 3014 non
954 2962 1095 3025 altis,
1126 2962 1414 3016 incubuere
1445 2964 1586 3015 toris.

396 3050 538 3083 nunc
570 3032 728 3101 dape,
758 3051 899 3085 nunc
928 3034 1098 3102 posito
1128 3052 1340 3086 mensae
1371 3033 1575 3087 nituere
1606 3035 1815 3104 Lyaeo:

470 3112 607 3154 terra
636 3103 830 3155 rubens
862 3114 1053 3166 crater,
1084 3105 1276 3173 pocula
1305 3104 1461 3173 fagus
1493 3115 1656 3156 erant.

343 3188 347 3193 ·
396 3172 560 3224 verba
589 3173 737 3225 fuere
767 3174 933 3225 Iovis:
967 3174 1035 3225 ‘si
1066 3174 1191 3240 quid
1222 3174 1324 3226 fert
1352 3175 1603 3244 impetus,
1636 3184 1783 3245 opta:

469 3261 623 3295 omne
654 3243 826 3295 feres-⁹
899 3245 1092 3326 placidi
1122 3245 1285 3297 verba
1313 3245 1461 3297 fuere
1493 3246 1653 3297 senis:

282 3331 363 3370 525
398 3318 544 3366 ‘cara
573 3313 670 3365 fuit
703 3314 955 3376 coniunx,
986 3315 1186 3395 primae
1216 3314 1345 3366 mihi
1374 3315 1501 3368 flore
1532 3315 1777 3370 iuventae

470 3384 695 3454 cognita.
769 3403 910 3437 nunc
940 3385 1032 3436 ubi
1063 3385 1153 3447 sit,
1185 3385 1466 3452 quaeritis?
1496 3405 1628 3439 urna
1658 3388 1806 3458 tegit.
2150 3442 2155 3453 ,

395 3454 518 3507 huic
550 3473 648 3525 ego
678 3455 902 3518 iuratus,
934 3455 1126 3508 vobis
1112 3476 1166 3508 1n
1196 3456 1358 3509 verba
1389 3457 1604 3521 vocatis,
2150 3455 2158 3709 Ι
