2158 3906
313 258 353 311 6
876 269 931 313 Ρ.
964 266 1170 313 OVIDII
1200 265 1471 312 NASONIS

393 379 444 424 et
471 371 601 423 levis
633 369 835 441 argenti
864 368 1116 420 lammina
1146 368 1343 420 crimen
1373 376 1500 420 erat.

322 450 376 495 at
404 451 683 523 postquam
714 441 952 492 Fortuna
980 438 1082 490 loci
1113 448 1273 508 caput
1303 438 1490 492 extulit
1520 437 1695 500 huius,

201 529 291 568 210
393 522 444 565 et
474 512 645 581 tetigit
676 528 881 563 summo
915 509 1108 562 vertice
1138 510 1311 563 Roma
1331 507 1487 570 deos,

321 592 597 637 creverunt
629 590 680 634 et
710 600 837 651 opes
869 588 921 632 et
951 598 1113 650 opum
1143 580 1342 633 furiosa
1373 580 1583 650 cupido,

393 663 468 715 et,
501 671 622 705 cum
651 651 956 721 possideant
985 651 1234 720 plurima,
1265 652 1419 721 plura
1447 658 1647 720 petunt.

322 742 596 793 quaerere,
627 731 687 774 ut
718 722 1022 783 absumant,
1054 722 1335 792 absumpta
1365 721 1630 790 requirere
1662 727 1881 782 certant,

392 805 551 862 atque
581 794 727 875 ipsae
758 791 897 845 vitiis
929 802 1051 844 sunt
1083 793 1332 845 alimenta
1362 793 1520 845 vices·

202 882 288 920 215
320 865 395 918 sic
426 864 616 932 quibus
647 863 896 915 intumuit
928 863 1130 915 suffusa
1158 872 1342 916 venter
1371 863 1438 915 ab
1467 862 1629 924 unda,

392 953 496 1003 quo
527 935 646 1003 plus
677 943 800 986 sunt
829 943 1008 1003 potae,
1039 934 1158 1003 plus
1190 934 1436 986 sitiuntur
1466 951 1650 1001 aquae.

318 1006 374 1059 in
404 1006 571 1075 pretio
602 1005 828 1087 pretium
858 1023 1000 1057 nunc
1031 1014 1133 1066 est-3
1165 1004 1256 1056 dat
1286 1023 1474 1057 census
1505 1004 1747 1066 honoreS,

393 1095 580 1130 census
612 1075 891 1128 amicitias:
924 1094 1138 1158 pauper
1156 1075 1354 1144 ubique
1385 1075 1537 1128 iacet.

320 1156 380 1200 tu
410 1156 585 1200 tamen
617 1146 912 1217 auspicium
942 1147 986 1198 si
1016 1146 1083 1198 sit
1113 1146 1260 1216 stipis
1291 1146 1442 1209 utile,
1473 1145 1700 1214 quaeris,

202 1236 291 1275 220
393 1236 591 1286 curque
621 1218 802 1270 iuvent
832 1227 1031 1270 vestras
1064 1236 1187 1270 aera
1215 1226 1423 1270 vetusta
1453 1216 1674 1268 manus?

320 1308 444 1343 aera
475 1289 672 1341 dabant
702 1289 849 1341 olim:
882 1288 1068 1341 melius
1099 1306 1239 1341 nunc
1270 1306 1425 1341 omen
1454 1287 1509 1339 in
1539 1305 1666 1339 auro
1699 1294 1794 1349 est,

392 1360 636 1428 victaque
668 1359 926 1412 concessit
955 1358 1129 1429 prisca
1159 1367 1370 1412 moneta
1398 1376 1584 1411 novae.

319 1449 416 1484 nos
447 1449 656 1499 quoque
687 1431 883 1500 templa
911 1430 1118 1492 iuvant,
1150 1429 1390 1498 quamvis
1421 1430 1639 1498 antiqua
1667 1427 1974 1498 probemuS,

393 1521 575 1554 aurea:
608 1502 853 1554 maiestas
886 1501 1130 1554 convenit
1157 1501 1259 1553 ista
1291 1500 1406 1554 deo,

205 1589 289 1628 225
320 1572 598 1626 laudamus
629 1581 858 1634 veteres,
892 1572 985 1625 sed
1015 1572 1205 1624 nostris
1236 1571 1434 1624 utimur
1464 1570 1637 1622 annis:

391 1663 506 1695 mos
536 1653 712 1696 tamen
742 1652 821 1696 est
852 1661 1018 1711 aeque
1051 1643 1242 1712 dignus
1273 1651 1495 1710 uterque
1526 1640 1659 1693 coli.'
1690 1668 1764 1679 -

321 1715 526 1767 finierat
555 1714 800 1766 monitus.
867 1714 1086 1783 placidis
1117 1713 1192 1765 ita.
1221 1732 1426 1773 rursus,
1459 1721 1517 1764 ut
1548 1721 1687 1774 ante,

393 1785 717 1855 clavigerum
748 1785 922 1838 verbis
954 1784 1252 1852 adloquor
1238 1803 1350 1854 ipse
1382 1783 1564 1835 deum:

324 1857 513 1908 ‘multa
544 1856 759 1924 quidem
789 1855 961 1908 didici.
1032 1856 1125 1908 sed
1156 1873 1249 1908 cur
1278 1853 1523 1907 navalis
1510 1873 1564 1905 1n
1595 1872 1715 1907 aere

204 1943 293 1983 230
395 1928 558 1979 altera
588 1927 721 1997 sign
710 1935 796 1979 ata
826 1936 928 1989 est,
961 1927 1125 1979 altera
1154 1926 1326 1978 forma
1355 1924 1591 2018 biceps?'

323 2004 565 2051 ‘noscere
597 2017 681 2050 me
714 1997 910 2066 duplici
939 2016 1121 2067 posses
1151 2005 1210 2049 ut
1239 1995 1511 2066 imagine‚’
1545 1994 1675 2047 dixit

394 2069 473 2120 ‘ni
503 2078 653 2121 vetus
683 2068 799 2139 ipsa
830 2068 938 2121 dies
971 2077 1307 2121 extenuasset
1337 2085 1502 2140 opus.

323 2158 484 2193 causa
512 2139 638 2192 ratis
670 2149 933 2209 superest:
965 2139 1203 2192 Tuscum
1232 2147 1344 2192 rate
1375 2135 1519 2190 venit
1547 2137 1602 2189 in
1632 2155 1844 2191 amnem

317 2242 320 2246 ·
394 2220 514 2263 ante
544 2220 809 2280 pererrato
840 2210 1046 2264 falcifer
1076 2210 1201 2263 orbe
1233 2210 1377 2263 deus,

206 2296 290 2335 235
322 2281 421 2334 hac
453 2300 552 2350 ego
585 2280 875 2334 Saturnum
904 2281 1119 2334 memini
1149 2281 1334 2334 tellure
1363 2289 1658 2349 receptum:

396 2352 670 2404 caelitibus
701 2352 877 2421 regnis
909 2371 940 2403 a
971 2352 1099 2404 Iove
1131 2352 1313 2421 pulsus
1344 2359 1472 2404 erat.

323 2423 446 2475 inde
478 2423 569 2474 diu
599 2423 744 2492 genti
775 2423 967 2475 mansit
999 2421 1250 2475 Saturnia
1278 2439 1495 2474 nomen.

396 2493 534 2545 dicta
564 2511 776 2575 quoque
806 2502 885 2546 est
915 2493 1132 2545 Latium
1163 2502 1324 2555 teria,
1354 2492 1551 2544 latente
1583 2490 1698 2545 deo,

325 2574 379 2617 at
409 2564 550 2616 bona
579 2564 854 2633 posteritas
886 2583 1119 2634 puppem
1149 2563 1438 2616 formavit
1424 2583 1479 2615 in
1509 2581 1646 2626 aere,

207 2649 294 2689 2ιο
396 2634 614 2704 hospitis
646 2635 931 2688 adventum
964 2635 1239 2687 testificata
1269 2634 1369 2686 dei.

323 2706 436 2775 ipse
468 2706 638 2758 solum
669 2706 833 2768 colui,
866 2706 1015 2758 cuius
1046 2705 1401 2775 placidissima
1429 2704 1644 2757 laevum

395 2777 530 2828 radit
561 2776 805 2829 harenosi
835 2775 1121 2846 Thybridis
1153 2776 1295 2828 unda
1324 2776 1478 2827 latus.

323 2847 433 2909 hic,
465 2847 557 2899 ubi
586 2866 726 2900 nunc
757 2848 928 2900 Roma
959 2857 1061 2910 est,
1091 2846 1347 2900 incaedua
1379 2846 1511 2899 silva
1541 2846 1761 2910 virebat,

394 2927 644 2986 tantaque
675 2938 757 2971 res
788 2919 970 2988 paucis
1001 2937 1198 2989 pascua
1228 2917 1401 2970 bubus
1434 2927 1559 2970 erat.

209 3005 292 3044 245
325 3008 418 3041 arx
449 3008 567 3042 mea
597 2990 743 3042 collis
774 2998 908 3051 erat,
942 3007 1100 3058 quem
1131 2989 1320 3059 volgus
1351 2988 1561 3041 nomine
1591 2997 1769 3040 nostro

395 3069 689 3130 nuncupat,
720 3060 850 3112 haec
883 3069 1026 3113 aetas
1048 3060 1459 3143 Ianiculumque
1491 3070 1658 3110 vocat.

324 3139 450 3183 tunc
481 3149 580 3200 ego
611 3130 924 3213 regnabam,
956 3130 1159 3200 patiens
1190 3149 1310 3182 cum
1341 3139 1480 3183 terra
1511 3129 1730 3181 deorum

397 3211 557 3264 esset,
591 3212 640 3254 et
670 3201 914 3253 humanis
944 3201 1162 3253 numina
1193 3201 1356 3252 mixta
1385 3200 1529 3252 locis.

323 3241 559 3325 nonduni
589 3272 850 3324 Iustitiam
880 3271 1085 3323 facinus
1116 3271 1334 3323 mortale
1366 3269 1600 3340 fugarat:

211 3360 295 3399 250
396 3343 581 3395 ultima
612 3343 676 3396 de
707 3341 909 3412 superis
939 3341 1029 3393 illa
1059 3342 1270 3410 reliquit
1299 3341 1534 3393 humum.

324 3432 527 3485 proque
559 3422 701 3467 metu
731 3413 987 3484 populum
1019 3413 1128 3466 sine
1160 3412 1212 3465 vi
1242 3412 1453 3483 pudor
1440 3432 1552 3483 lpse
1583 3413 1823 3482 regebat:
