2158 3906
346 325 450 379 134
894 332 949 375 P.
983 330 1190 376 OVIDII
1217 327 1487 375 NASONIS

347 454 680 507 quocumque
712 433 915 503 aspexi,
946 431 1075 483 nihil
1106 439 1183 483 est
1215 431 1315 483 nisi
1345 430 1527 483 mortis
1558 429 1749 498 imagO,

422 527 582 576 quam
613 506 773 558 dubia
803 504 961 555 timeo
993 513 1190 563 mente,
1221 502 1516 568 timensque
1547 518 1747 570 precor.

260 598 318 636 25
351 580 573 647 attigero
604 586 836 645 portum:
869 582 1024 643 portu
1052 573 1288 626 terrebor
1317 573 1383 624 ab
1414 572 1546 641 ipso,

419 650 537 718 plus
567 647 726 698 habet
754 644 948 697 infesta
976 653 1115 697 terra
1144 643 1342 696 timoris
1374 661 1528 711 aqua.

349 739 474 772 nam
504 717 660 770 simul
688 715 889 768 insidiis
920 715 1192 766 hominum
1221 714 1500 783 pelagique
1530 712 1730 774 laboro,

422 799 473 841 et
502 787 703 840 faciunt
731 785 971 856 geminos
1003 785 1140 838 ensis
1171 795 1222 838 et
1251 785 1395 836 unda
1425 793 1612 836 metus.

349 861 436 912 ille
467 876 584 911 meo
615 877 799 911 vereor
828 876 894 909 ne
926 865 1095 926 speret
1127 855 1385 925 sanguine
1415 854 1684 923 praedam,

262 949 321 988 30
423 930 553 982 haec
583 929 792 981 titulum
822 937 1031 980 nostrae
1062 927 1244 978 mortis
1274 926 1469 978 habere
1499 924 1639 976 velit.

351 1001 577 1054 barbara
607 1018 728 1069 pars
758 1000 910 1051 laeva
941 1008 1019 1051 est
1051 998 1342 1064 avidaeque
1373 995 1582 1048 addicta
1611 994 1842 1063 rapinae,

423 1090 583 1139 quam
614 1089 767 1122 cruor
797 1079 849 1123 et
879 1069 1066 1122 caedes
1097 1068 1341 1135 bellaque
1373 1085 1579 1136 semper
1607 1065 1818 1117 habent.

354 1161 580 1211 cumque
612 1141 675 1194 sit
706 1140 937 1193 hibernis
968 1140 1226 1209 agitatum
1253 1137 1498 1190 fluctibus
1529 1154 1742 1205 aequor,

424 1222 639 1283 pectora
668 1220 790 1264 sunt
818 1211 931 1281 ipso
963 1210 1254 1263 turbidiora
1283 1209 1431 1261 mari.

269 1302 322 1341 35
355 1302 460 1354 quo
490 1283 660 1354 magis
691 1283 771 1335 his
802 1282 962 1336 debes
992 1282 1288 1351 ignoscere,
1320 1279 1541 1332 candide
1570 1278 1749 1339 lector,

428 1355 472 1407 si
502 1374 594 1424 spe
624 1354 727 1406 sint
755 1384 826 1391 —
854 1362 913 1405 ut
943 1362 1065 1405 sunt
1093 1382 1164 1389 —-
1192 1351 1440 1404 inferiora
1470 1359 1576 1403 tua.

281 1477 283 1479 ,
355 1445 462 1479 non
492 1425 623 1479 haec
653 1425 708 1477 in
738 1424 955 1486 nostriS,
987 1432 1045 1475 ut
1075 1423 1369 1491 quondam,
1402 1421 1678 1474 scribimus
1709 1417 1891 1480 hortiS,

426 1502 548 1559 nec,
581 1503 854 1557 consuete,
883 1514 1084 1557 meum,
1115 1493 1331 1554 lectule,
1363 1510 1554 1561 corpus
1583 1490 1772 1543 habes:

356 1568 522 1621 iactor
549 1567 605 1619 in
633 1566 887 1619 indomito
919 1565 1145 1617 brumali
1173 1565 1292 1617 luce
1322 1562 1605 1633 profundO,

268 1657 328 1695 40
427 1639 647 1708 ipsaque
679 1636 931 1690 caeruleis
963 1635 1143 1689 charta
1173 1635 1358 1687 feritur
1388 1633 1555 1701 aquis·

356 1709 598 1778 improba
627 1716 831 1778 pugnat
860 1708 1026 1760 hiems
1057 1706 1489 1775 indignaturque,
1522 1702 1666 1772 quod
1696 1702 1865 1754 ausim

431 1779 681 1841 scribere,
714 1798 769 1831 se
799 1778 997 1847 rigidas
1027 1777 1311 1830 incutiente
1342 1775 1527 1827 minas,

360 1851 537 1903 vincat
567 1849 734 1902 hiems
765 1848 1052 1900 hominem!
1093 1847 1185 1899 sed
1217 1846 1402 1898 eodem
1434 1855 1694 1913 tempore,
1726 1860 1940 1911 quaes0,

430 1921 542 1990 ipse
572 1920 790 1973 modum
822 1928 1049 1972 statuam
1081 1916 1351 1978 carminiS,
1383 1916 1472 1967 illa
1503 1914 1599 1967 sui.

920 2142 1112 2186 LIBER
1144 2139 1491 2188 SECUNDUS.

361 2275 513 2342 Quid
541 2274 669 2327 mihi
698 2273 973 2327 vobiscum
1004 2282 1106 2334 est,
1137 2271 1322 2325 infelix
1352 2289 1501 2332 cura,
1533 2269 1712 2332 libelli,

434 2346 646 2414 ingenio
677 2345 808 2414 perii
839 2345 929 2412 qui
960 2344 1117 2396 miser
1146 2342 1258 2412 ipse
1288 2342 1438 2394 meo?

365 2434 457 2469 cur
487 2416 643 2468 modo
676 2416 947 2467 damnatas
977 2422 1182 2482 repeto,
1212 2432 1331 2465 mea
1361 2411 1601 2472 crimina,
1632 2409 1854 2462 Musas?

437 2507 505 2539 an
535 2487 697 2538 semel
728 2495 807 2539 est
835 2503 1061 2554 poenam
1091 2483 1461 2536 commeruisse
1493 2481 1711 2550 parum?

306 2575 335 2614 5
368 2557 598 2610 carmina
628 2556 889 2617 fecerunt,
921 2565 979 2607 ut
1009 2574 1094 2607 me
1125 2571 1440 2623 cognoscere
1472 2552 1629 2604 vellet

439 2628 612 2680 omine
642 2645 749 2679 non
778 2627 951 2679 fausto
982 2625 1181 2678 femina
1210 2625 1394 2692 virque
1424 2640 1565 2675 meo:

368 2699 600 2752 carmina
629 2698 892 2759 fecerunt,
922 2706 978 2749 ut
1009 2716 1094 2749 me
1123 2713 1400 2763 moresque
1430 2701 1636 2746 notaret

437 2770 543 2821 iam
571 2769 775 2838 pridem
805 2768 918 2820 visa
950 2766 1149 2820 Caesar
1178 2766 1246 2819 ab
1277 2766 1411 2818 Arte
1440 2782 1603 2817 meos.

370 2841 520 2894 deme
550 2839 679 2892 mihi
710 2839 965 2892 studium:
997 2838 1134 2890 vitae
1165 2854 1376 2906 quoque
1407 2835 1624 2888 crimina
1654 2834 1849 2887 demes·

286 2929 340 2968 10
441 2919 717 2980 acceptum
746 2910 916 2963 refero
949 2909 1211 2970 versibus,
1245 2927 1359 2961 esse
1389 2925 1601 2959 nocens.

368 2982 467 3034 hoc
496 2982 725 3052 pretium
756 3000 912 3033 curae
942 2980 1383 3050 vigilatorumque
1412 2978 1654 3030 laborum

442 3053 699 3122 cepimus3
730 3052 943 3121 ingenio
975 3060 1053 3104 est
1082 3069 1253 3120 poena
1282 3057 1489 3118 reperta
1517 3065 1651 3100 meo.

372 3124 415 3175 si
445 3142 707 3192 saperem,
740 3123 918 3175 doctas
950 3122 1177 3174 odissem
1207 3121 1319 3173 iure
1351 3137 1570 3181 sororeS,

443 3193 660 3245 numina
690 3193 876 3246 cultori
905 3192 1199 3262 perniciosa
1229 3209 1340 3243 suo.

290 3282 340 3321 15
375 3273 427 3316 at
457 3282 597 3316 nunc
626 3294 698 3302 —
726 3272 874 3315 tanta
903 3281 1020 3315 meo
1052 3280 1227 3314 comes
1257 3270 1334 3313 est
1364 3259 1567 3312 insania
1597 3258 1780 3311 morbo
1810 3286 1884 3297 —·

445 3353 572 3387 saxa
600 3334 799 3386 malum
828 3333 998 3386 refero
1029 3351 1208 3384 rursus
1241 3331 1307 3383 ad
1335 3331 1440 3382 icta
1470 3329 1677 3399 pedem,

374 3405 571 3459 scilicet
601 3414 659 3456 ut
690 3404 858 3457 victus
889 3404 1076 3473 repetit
1104 3402 1364 3472 gladiator
1394 3401 1660 3463 harenam,

447 3485 497 3529 et
527 3475 662 3529 redit
691 3475 745 3528 in
775 3474 1001 3527 tumidas
1032 3473 1290 3542 naufraga
1319 3472 1509 3542 puppis
1541 3489 1724 3540 aquas.
