2158 3906
327 301 364 356 4
888 309 943 351 P.
977 307 1182 352 oV1D11
1211 305 1483 351 NASONIS

222 434 303 473 120
405 422 459 467 et
486 413 568 465 ius
599 410 836 464 vertendi
867 408 1092 461 cardinis
1124 426 1277 459 omne
1308 426 1484 460 meum
1515 415 1609 459 est.

334 503 455 539 cum
484 483 638 535 libuit
666 482 865 533 Pacem
894 479 1115 548 placidis
1146 479 1382 531 emittere
1413 478 1581 539 tectis,

403 555 569 607 libera
598 571 693 623 per
721 560 862 603 tutas
894 549 1129 601 ambulat
1157 549 1246 600 illa
1277 549 1412 601 vias:

335 625 591 694 sanguine
621 621 826 675 letifero
856 629 998 673 totus
1029 620 1335 672 miscebitur
1365 619 1522 681 orbis,

404 697 459 748 ni
489 701 700 747 teneant
729 691 932 761 rigidae
964 691 1174 743 condita
1203 691 1356 743 Bella
1387 709 1549 742 serae.

224 787 303 827 125
334 765 608 838 praesideo
639 762 842 815 foribus
873 762 1004 814 caeli
1035 781 1156 814 cum
1188 761 1401 813 mitibus
1431 760 1593 812 Horis
1603 781 1618 824 ;

405 838 471 899 it,
503 835 638 888 redit
668 833 842 885 officio
873 832 1112 903 Iuppiter
1141 833 1253 901 ipse
1283 850 1419 885 mec.

333 908 456 960 inde
487 923 647 958 vocor
676 905 856 956 Ianus.
886 934 959 942 —
988 903 1074 956 cui
1104 922 1224 955 cum
1257 901 1476 955 Cereale
1508 901 1753 954 sacerdos

404 977 627 1047 imponit
656 976 823 1028 libum
852 974 1099 1043 farraque
1129 974 1295 1026 mixta
1325 974 1449 1032 sale,

334 1048 551 1102 nomina
579 1046 798 1103 ridebis:
833 1046 990 1098 modo
1021 1063 1251 1112 namque
1281 1044 1556 1096 Patulcius
1586 1043 1729 1096 idem

225 1139 306 1179 130
408 1129 460 1172 et
490 1119 644 1171 modo
678 1117 914 1170 sacrifico
947 1115 1161 1169 Clusius
1193 1134 1281 1168 ore
1313 1133 1485 1166 vocor.

337 1191 536 1245 scilicet
565 1190 765 1242 alterno
796 1189 963 1240 voluit
991 1188 1137 1239 rudis
1167 1187 1257 1238 illa
1287 1195 1522 1239 vetustas

407 1260 618 1313 nomine
649 1260 884 1312 diversas
915 1258 1212 1329 significare
1243 1257 1402 1310 vices·
1433 1286 1504 1294 --

337 1333 417 1386 vis
448 1351 567 1385 mea
596 1339 807 1383 narrata
837 1339 930 1382 est.
1007 1348 1221 1382 causam
1250 1346 1393 1380 nunc
1430 1328 1573 1380 disce
1603 1327 1830 1397 figurae:

408 1404 515 1455 iam
545 1411 724 1456 tamen
753 1401 890 1454 hanc
920 1400 1099 1469 aliqua
1128 1410 1186 1452 tu
1218 1418 1428 1467 quoque
1459 1409 1606 1468 parte
1638 1399 1801 1450 vides.

228 1492 308 1532 135
341 1474 510 1528 omnis
540 1472 701 1526 habet
730 1472 993 1542 geminaS‚
1025 1471 1147 1524 hinc
1177 1481 1336 1538 atque
1367 1470 1513 1531 hinc,
1544 1468 1939 1533 ianuafrontiS,

411 1565 439 1598 e
470 1544 663 1613 quibus
694 1543 825 1596 haec
855 1543 1112 1613 populum
1143 1550 1368 1612 spectat,
1401 1550 1455 1593 at
1483 1541 1572 1593 illa
1602 1540 1817 1592 Larem.

338 1625 503 1684 utque
535 1615 721 1668 sedens
751 1614 907 1684 primi
936 1623 1109 1666 vester
1138 1631 1301 1683 prope
1331 1611 1514 1664 limina
1544 1610 1669 1663 tecti

409 1687 601 1739 ianitor
630 1704 873 1755 egressus
903 1685 1248 1751 introitusque
1279 1683 1439 1744 videt,

252 1811 261 1816 ,
341 1758 416 1811 sic
447 1776 546 1827 ego
576 1756 835 1827 perspicio
867 1755 1103 1808 caelestis
1132 1755 1322 1806 ianitor
1354 1754 1506 1805 aulae

230 1846 311 1886 140
413 1829 555 1881 ans
585 1837 761 1897 partes
793 1827 1186 1895 Hesperiasque
1219 1825 1390 1876 simul.

340 1918 432 1953 ora
464 1900 611 1951 vides
642 1900 875 1950 Hecates
905 1898 958 1948 in
990 1907 1094 1949 tres
1125 1895 1382 1948 vertentia
1411 1904 1604 1964 partes,

413 1979 586 2023 servet
614 1978 674 2021 ut
703 1969 756 2020 in
788 1978 962 2020 ternas
994 1967 1222 2037 compita
1252 1976 1395 2019 secta
1425 1966 1553 2017 vias,

341 2050 394 2095 et
423 2041 577 2103 mihi,
608 2059 675 2094 ne
705 2040 848 2092 flexu
879 2039 1096 2092 cervicis
1128 2049 1367 2107 tempora
1397 2037 1633 2106 perdam,

286 2167 289 2168 γ
413 2129 624 2165 cernere
653 2129 759 2162 non
790 2119 932 2162 moto
963 2127 1181 2179 corpore
1210 2109 1336 2161 bina
1365 2107 1519 2160 licet?
1551 2137 1623 2145 —-

230 2200 310 2239 145
342 2183 571 2245 dixerat3
604 2191 656 2235 et
684 2182 856 2242 volt-U,
890 2181 934 2233 si
962 2182 1116 2250 plura
1144 2180 1410 2248 requirere
1442 2179 1649 2240 vellem,

414 2253 683 2305 difficilem
712 2252 843 2305 mihi
874 2271 929 2304 se
959 2270 1065 2304 non
1096 2251 1209 2304 fore
1245 2259 1433 2320 pactus
1465 2259 1592 2302 erat.

344 2324 545 2394 sumpsi
576 2324 807 2375 animum
840 2332 1122 2392 gratesque
1154 2322 1253 2373 deo
1284 2339 1388 2372 non
1419 2320 1629 2372 territus
1660 2318 1746 2387 egi

414 2395 681 2461 verbaque
713 2413 830 2446 sum
862 2402 1105 2463 spectans
1135 2410 1307 2462 pauca
1334 2393 1540 2443 locutus
1570 2390 1818 2441 humum:

345 2466 476 2527 ‘dic‚
510 2484 633 2535 age,
663 2465 948 2534 frigoribus
980 2482 1142 2531 quare
1173 2481 1342 2514 novus
1371 2461 1554 2530 incipit
1584 2479 1779 2522 annus,

234 2553 314 2592 150
416 2536 509 2604 qui
537 2536 724 2588 melius
754 2554 850 2604 per
878 2554 971 2587 ver
999 2534 1327 2603 incipiendus
1359 2533 1502 2586 erat?

345 2607 521 2660 omnia
550 2616 677 2658 tunc
706 2606 917 2667 florent,
948 2614 1074 2657 tunc
1104 2614 1183 2658 est
1210 2622 1350 2662 nova
1379 2602 1628 2672 temporis
1660 2610 1822 2664 aetaS,

418 2687 470 2731 et
498 2696 638 2729 nova
668 2677 733 2729 de
763 2676 984 2747 gravido
1013 2676 1229 2745 palmite
1259 2693 1477 2743 gemma*
1499 2683 1684 2735 tumet,

346 2758 400 2802 et
427 2749 584 2801 modo
615 2748 852 2800 formatis
883 2748 1114 2816 operitur
1143 2746 1420 2798 frondibus
1452 2744 1623 2805 arbor,

416 2820 590 2890 prodit
621 2828 673 2871 et
701 2819 756 2870 in
787 2838 1050 2870 summum
1083 2817 1293 2869 seminis
1324 2816 1489 2868 herba
1520 2817 1707 2876 solum,

237 2906 315 2948 155
347 2900 400 2944 et
428 2891 664 2960 tepidum
695 2889 935 2942 volucres
966 2888 1305 2940 concentibus
1337 2892 1459 2939 aera
1489 2887 1739 2947 mulcent,

418 2962 554 3014 ludit
584 2970 636 3013 et
664 2961 719 3013 in
748 2960 911 3030 pratis
942 2959 1278 3027 luxuriatque
1309 2976 1496 3028 pecus3

347 3041 461 3085 tum
492 3032 673 3085 blandi
704 3033 863 3093 soles,
894 3031 1180 3101 ignotaque
1210 3029 1384 3098 prodit
1413 3027 1638 3079 hirundo

419 3112 471 3155 et
499 3103 702 3155 lut-eum
732 3103 872 3154 celsa
902 3101 1000 3153 sub
1031 3101 1178 3152 trabe
1208 3100 1323 3169 figit
1352 3118 1508 3168 opus3
1532 3112 1534 3114 ’

347 3182 463 3226 tum
492 3173 690 3243 patitur
719 3173 891 3224 cultus
924 3185 1050 3240 ager
1080 3180 1132 3224 et
1161 3172 1442 3222 renovatur
1473 3177 1667 3220 aratro:

239 3261 320 3303 160
419 3244 552 3297 haec
581 3243 703 3295 anni
734 3243 940 3295 novitas
969 3242 1082 3293 iure
1112 3240 1351 3292 vocanda
1380 3239 1513 3290 fuit?
1570 3283 1572 3285 μ

350 3315 678 3385 quaesieram
708 3313 909 3365 multis:
940 3330 1047 3364 non
1075 3311 1253 3371 multis
1283 3310 1370 3362 ille
1401 3317 1634 3361 moratus

423 3385 643 3438 contulit
670 3384 725 3442 in
755 3403 938 3436 versus
969 3383 1043 3436 sic
1073 3401 1170 3434 sua
1201 3381 1362 3434 verba
1393 3381 1547 3432 duos:

352 3457 563 3510 ‘bruma
593 3455 717 3508 novi
746 3455 916 3525 prima
946 3462 1024 3507 est
1052 3453 1350 3521 veterisque
1380 3451 1666 3504 novissima
1697 3450 1847 3503 solis:
