2158 3906
331 299 432 352 178
886 308 938 351 P.
972 306 1179 353 OVIDII
1208 305 1479 351 NASONIS
1512 351 1514 353 ,

249 430 301 468 35
331 431 430 466 nee
459 413 642 484 procul
673 430 703 462 a
731 409 907 471 metis,
940 427 1072 477 quas
1103 426 1269 478 paene
1301 416 1478 461 tenere
1508 407 1745 470 videbar,

406 482 662 536 curriculo
693 480 869 549 gravis
900 489 979 533 est
1008 479 1150 532 facta
1178 479 1331 531 ruina
1359 496 1495 531 mec.

334 572 460 623 ergo
490 554 640 604 illum
670 551 884 603 demens
913 551 968 602 in
996 569 1081 602 me
1113 550 1314 603 saevire
1345 549 1511 618 coegi,

404 624 581 675 mitius
610 622 878 674 inmensus
910 639 1016 690 quo
1046 619 1175 673 nihil
1206 620 1346 672 orbis
1377 619 1570 672 habet?

333 695 552 763 ipsaque
583 692 784 745 delictis
815 691 954 745 victa
984 700 1063 745 est
1094 691 1369 745 clementia
1397 690 1605 753 nostriS,

249 782 303 820 40
404 782 503 817 nec
532 773 709 816 tamen
741 763 902 815 errori
931 763 1040 815 vita
1067 771 1262 832 negata
1290 762 1441 815 meo?

333 835 443 887 vita
469 835 652 904 procul
683 834 854 904 patria
883 834 1073 886 boreae
1103 832 1406 903 peragenda
1435 832 1535 884 sub
1566 850 1682 895 axe,

406 924 511 974 qua
539 905 698 956 maris
728 904 928 957 Euxini
958 913 1098 957 terra
1129 904 1336 956 sinistra
1364 903 1533 956 iacet?

335 977 466 1029 haec
495 976 623 1028 mihi
655 975 698 1028 si
727 974 928 1045 Delphi
957 974 1296 1043 Dodonaque
1328 973 1525 1027 diceret
1551 973 1684 1043 ipsa,

408 1066 522 1100 esse
551 1047 820 1099 videretur
849 1065 1016 1099 vanus
1047 1054 1269 1114 uterque
1298 1045 1463 1098 locus.

252 1135 304 1173 45
335 1119 410 1171 nil
440 1118 571 1172 adeo
603 1117 838 1170 validum
867 1127 971 1180 est,
1002 1116 1218 1169 adamas
1246 1115 1370 1169 licet
1400 1115 1580 1185 alliget
1609 1113 1758 1177 illud,

409 1198 468 1242 ut
496 1197 708 1242 maneat
735 1188 920 1259 rapido
950 1188 1152 1240 firmius
1181 1187 1305 1257 igne
1334 1186 1495 1239 Iovis.

336 1260 410 1312 nil
440 1261 513 1312 ita
544 1259 768 1313 sublime
800 1269 880 1312 est
909 1276 1175 1330 supraque
1204 1257 1441 1328 pericula
1469 1257 1652 1319 tendit,

407 1349 511 1383 non
544 1331 609 1384 sit
637 1339 697 1383 ut
725 1331 944 1384 inferius
976 1329 1414 1400 suppositumque
1445 1328 1561 1382 de0.

337 1422 460 1455 nam
492 1418 814 1470 quamquam
843 1402 970 1454 vitio
1000 1420 1123 1471 pars
1154 1410 1233 1454 est
1263 1408 1532 1454 contracta
1561 1399 1840 1462 malorum,

252 1489 308 1529 50
408 1474 528 1543 plus
558 1482 734 1526 tamen
765 1472 911 1526 exitii
939 1471 1168 1525 numinis
1198 1472 1277 1524 ira
1307 1470 1466 1524 dedit.

339 1552 393 1596 at
422 1562 516 1596 vos
548 1543 801 1596 admoniti
830 1543 1020 1596 nostris
1050 1560 1263 1611 quoque
1293 1541 1503 1595 casibus
1534 1549 1659 1604 este,

411 1624 727 1684 aequantem
757 1632 975 1685 superos
1005 1613 1290 1667 emeruisse
1321 1611 1515 1664 viruml

1134 1726 1242 1779 IX.

342 1827 401 1881 Si
429 1827 552 1880 licet
583 1835 634 1880 et
662 1825 879 1896 pateriS,
911 1845 1103 1879 nomen
1134 1826 1447 1892 facinusque
1477 1824 1682 1887 taceb0‚

411 1907 463 1951 et
492 1907 585 1951 tua
614 1897 866 1951 Lethaeis
897 1906 1016 1949 acta
1045 1896 1313 1948 dabuntur
1343 1894 1512 1963 aquis,

339 1977 625 2037 nostraque
655 1968 893 2021 vincetur
921 1966 1150 2020 lacrimis
1181 1966 1457 2020 clementia
1487 1965 1642 2018 seris:

410 2040 497 2092 fac
526 2039 708 2102 modo,
739 2048 791 2092 te
820 2047 999 2108 pateat
1028 2038 1347 2108 paenituisse
1377 2036 1471 2088 tui.

284 2129 309 2168 5
340 2110 425 2163 fac
455 2110 638 2173 mode,
669 2119 721 2163 te
752 2110 970 2163 damnes
1002 2109 1291 2179 cupiasque
1322 2107 1536 2162 eradere
1565 2107 1704 2161 vitae

413 2191 674 2251 tempora,
706 2181 750 2233 si
779 2181 972 2250 possis,
1004 2180 1496 2250 Tisiphoneatuae.

342 2253 422 2305 sin
452 2253 651 2314 minus,
682 2260 734 2305 et
763 2252 989 2321 flagrant
1019 2251 1139 2304 odio
1169 2259 1262 2304 tua
1289 2259 1505 2320 pectora
1533 2257 1728 2312 nostr0,

413 2323 596 2376 induet
625 2323 810 2375 infelix
840 2342 986 2375 arma
1008 2330 1198 2375 'coacta
1228 2322 1393 2374 dolor.

343 2395 440 2446 sim
470 2394 591 2447 licet
621 2402 939 2455 extremum,
971 2393 1105 2446 sicut
1134 2411 1277 2455 sum,
1306 2392 1498 2444 missus
1527 2392 1582 2443 in
1614 2390 1825 2471 orbem3

260 2482 312 2520 10
413 2474 592 2517 nostra
622 2483 744 2517 suas
774 2465 926 2516 istinc
955 2463 1188 2534 porriget
1218 2463 1296 2515 ira
1323 2481 1529 2515 manus.

345 2536 544 2598 omnia,
576 2535 620 2588 si
648 2535 845 2597 nesciS,
879 2533 1079 2588 Caesar
1107 2534 1236 2586 mihi
1265 2534 1380 2585 iura
1409 2533 1634 2602 reliquit,

416 2617 467 2659 et
499 2606 609 2659 sola
638 2614 715 2659 est
746 2605 916 2675 patria
944 2624 1117 2675 poena
1147 2623 1323 2658 carere
1354 2622 1487 2657 mea.

345 2687 397 2730 et
426 2677 673 2748 patriam,
706 2677 863 2729 modo
894 2677 960 2729 sit
990 2694 1197 2746 sospes,
1229 2694 1501 2745 speramus
1533 2675 1600 2727 ab
1629 2674 1742 2728 illo:

418 2767 573 2818 saepe
603 2747 747 2800 Iovis
778 2747 882 2800 telo
913 2765 1138 2815 quercus
1171 2747 1358 2799 adusta
1388 2746 1536 2799 viret.

262 2836 313 2875 15
346 2819 571 2888 denique
601 2819 864 2872 vindictae
896 2819 940 2871 si
971 2818 1037 2870 sit
1065 2817 1193 2870 mihi
1223 2818 1368 2870 nulla
1396 2817 1637 2879 facultaS‚

415 2890 653 2943 Pierides
684 2890 822 2942 vires
853 2898 905 2943 et
934 2908 1031 2942 sua
1060 2889 1165 2942 tela
1196 2888 1414 2945 dabunt.

344 2962 487 3029 quod
520 2960 781 3030 Scythicis
811 2960 1045 3014 habitem
1074 2961 1231 3031 longe
1262 2968 1553 3013 summotus
1582 2959 1637 3011 in
1668 2959 1791 3021 oris,

417 3033 660 3100 siccaque
691 3032 794 3084 sint
824 3031 988 3084 oculis
1018 3031 1258 3101 proxima
1287 3031 1440 3101 signa
1468 3029 1623 3083 meis:

345 3112 524 3156 nostra
552 3122 647 3173 per
676 3103 939 3156 inmensas
970 3103 1123 3155 ibunt
1151 3101 1433 3173 praeconia
1461 3109 1663 3171 gentes,

262 3191 316 3230 20
417 3174 662 3242 quodque
693 3192 905 3241 querar,
935 3182 1142 3234 notum,
1174 3191 1279 3240 qua
1308 3180 1451 3242 patet
1482 3171 1645 3232 orbiS‚
1678 3170 1791 3223 erit.

346 3245 442 3296 ibit
472 3244 540 3297 ad
571 3262 840 3306 occasum,
871 3243 1122 3311 quicquid
1153 3243 1412 3304 dicemus,
1444 3241 1511 3293 ab
1542 3249 1677 3303 ortu,

418 3315 564 3368 testis
595 3324 647 3367 et
676 3314 970 3383 Hesperiae
1000 3314 1142 3366 vocis
1173 3312 1321 3365 Eous
1353 3312 1465 3365 erit.

347 3395 491 3438 trans
522 3403 622 3454 ego
651 3385 915 3447 tellurem,
946 3393 1089 3436 trans
1121 3384 1252 3436 altas
1283 3381 1467 3435 audiar
1496 3382 1684 3445 undas,

419 3465 471 3510 et
500 3455 727 3526 gemitus
756 3474 860 3508 vox
890 3464 970 3508 est
999 3472 1194 3524 magna
1222 3453 1401 3506 futura
1430 3453 1550 3506 mei.
