2158 3906
405 343 511 398 284
963 355 1016 399 Ρ,
1050 356 1257 402 OVIDII
1287 356 1559 404 NASONIS

407 457 541 509 adde
574 456 715 523 quod
745 485 815 492 —
846 464 1003 524 atque
1035 457 1235 510 utinam
1266 478 1451 511 verum
1482 460 1577 511 tibi
1608 462 1809 515 venerit
1840 482 1995 518 omen
2015 494 2118 530 -···.

481 526 726 595 coniugio
757 526 884 579 felix
914 527 1020 579 iam
1050 538 1200 597 potes
1232 548 1346 582 esse
1376 531 1536 583 novo!
1571 533 1573 539 ⁴
1697 536 1704 540 ’
2104 551 2117 558 ·

1185 641 1323 694 XII.

407 736 532 804 Quo
564 738 735 791 minus
765 739 820 790 in
850 739 1040 792 nostris
1069 741 1305 810 ponaris,
1338 742 1526 806 amice,
1558 743 1762 809 libellis,
1914 747 1955 788 T
1968 746 2012 788 U
2018 748 2059 788 T
2061 747 2094 789 Ῑ
2095 741 2147 811 τ’

477 809 703 861 nominis
736 809 962 862 efficitur
993 812 1298 865 condicione
1328 813 1421 865 tui.
1913 803 1991 846 CA
2003 804 2053 846 N
2062 804 2116 846 0·

406 889 486 931 ast
517 898 616 948 ego
647 898 754 931 non
785 880 946 932 alium
975 881 1120 951 prius
1150 882 1251 934 hoc
1282 883 1528 953 dignarer
1557 885 1776 939 honore:

479 960 555 1002 est
587 950 774 1018 aliquis
805 961 1043 1004 nostrum
1073 953 1116 1005 si
1146 953 1303 1005 modo
1334 972 1546 1008 carmen
1576 955 1757 1009 honor.

348 1032 379 1076 5.
405 1019 490 1073 lex
522 1021 671 1090 pedis
703 1021 876 1074 officio
907 1022 1222 1093 fortunaque
1253 1025 1478 1078 nominis
1509 1026 1706 1090 obstat3

477 1109 687 1159 quaque
716 1110 862 1145 meos
895 1094 1077 1156 adeaS,
1109 1104 1189 1147 est
1219 1095 1305 1148 via
1334 1096 1503 1159 nulla,
1534 1098 1736 1151 modos.

403 1181 530 1214 nam
560 1163 724 1232 pudet
747 1163 808 1216 »in
838 1165 1078 1234 geminos
1109 1165 1183 1218 ita
1211 1185 1404 1220 nomen
1435 1168 1673 1222 scindere
1704 1188 1906 1233 verSUS,

480 1232 683 1285 desinat
714 1243 773 1286 ut
802 1235 945 1304 prior
974 1235 1075 1288 hoc
1104 1237 1426 1307 incipiatque
1456 1238 1642 1293 minor.

327 1355 331 1359 .
404 1313 456 1356 et
487 1304 706 1373 pudeat,
739 1305 781 1356 si
812 1316 887 1367 te,
920 1324 1026 1375 qua
1057 1308 1261 1377 syllaba
1290 1318 1438 1379 parte
1468 1320 1718 1374 moratur,

321 1393 373 1430 10
476 1375 637 1427 artius
670 1377 930 1445 appellem
962 1377 1386 1448 Tuticanumque
1415 1398 1624 1433 vocem:

402 1463 500 1498 nec
530 1456 679 1515 potes
710 1447 764 1497 in
796 1466 1005 1500 versum
1037 1449 1283 1502 Tuticani
1314 1469 1458 1504 more
1489 1452 1684 1517 venire,

473 1517 561 1568 fiat
594 1527 652 1569 ut
684 1536 711 1570 e
742 1518 902 1587 longa
932 1520 1135 1588 syllaba
1163 1521 1334 1590 prima
1363 1521 1562 1575 brevis:

402 1597 493 1639 aut
523 1596 581 1639 ut
612 1587 856 1652 ducatur,
888 1606 1024 1657 quae
1054 1609 1195 1644 nunc
1226 1592 1514 1662 correptius
1545 1594 1668 1658 exit,

473 1667 524 1710 et
555 1657 621 1710 sit
651 1669 890 1728 porrecta
918 1661 1079 1731 longa
1108 1663 1340 1715 secunda
1368 1681 1531 1716 mora.

315 1744 368 1783 15
400 1727 480 1780 his
513 1747 612 1798 ego
645 1729 688 1781 si
718 1730 854 1782 vitiis
886 1732 1054 1783 ausim
1086 1750 1419 1803 corrumpere
1449 1753 1658 1797 nomen,

470 1799 643 1851 ridear
673 1809 724 1852 et
752 1802 939 1853 merito
970 1812 1152 1870 pectus
1184 1804 1379 1857 habere
1409 1824 1588 1874 neger.

398 1868 530 1922 haec
560 1869 688 1921 mihi
719 1889 880 1923 causa
909 1872 1010 1924 fuit
1042 1873 1185 1925 dilati
1218 1875 1448 1927 muneris
1479 1876 1652 1939 huius,

469 1941 611 2008 quod
641 1959 790 1994 meus
822 1942 1025 1995 adiecto
1057 1943 1270 1997 faenore
1300 1945 1485 1998 reddet
1516 1965 1685 1999 amorz

398 2019 555 2078 teque
587 2029 770 2064 canam
803 2030 1135 2083 quacumque
1166 2024 1313 2077 nota,
1346 2016 1441 2068 tibi
1472 2017 1704 2071 carmina
1733 2020 1958 2084 mittam,

315 2097 369 2136 20
471 2101 638 2151 paene
668 2083 795 2134 mihi
826 2102 990 2153 puero
1023 2086 1231 2154 cognite
1261 2105 1429 2156 paene
1459 2106 1607 2157 puer,

398 2170 598 2222 perque
628 2162 705 2206 tot
736 2173 992 2207 annorum
1025 2157 1238 2220 seriem,
1271 2167 1399 2227 quot
1428 2158 1684 2212 habemus
1716 2169 1959 2229 uterque,

469 2242 575 2276 non
606 2224 758 2284 mihi,
790 2243 950 2293 quam
981 2226 1131 2279 fratri
1160 2228 1344 2291 frater,
1376 2239 1548 2282 amate
1579 2231 1768 2283 minus.

397 2302 455 2346 tu
485 2294 657 2347 bonus
689 2295 946 2360 hortator,
978 2306 1035 2350 tu
1067 2298 1279 2366 duxque
1311 2318 1591 2369 comesque
1621 2301 1783 2365 fuisti,

469 2383 590 2417 cum
621 2385 858 2436 regerem
888 2377 1067 2421 tenera
1096 2369 1246 2422 frena
1275 2372 1483 2424 novella
1512 2391 1689 2424 mann.

311 2451 364 2493 25
398 2454 555 2505 saepe
587 2455 685 2506 ego
719 2438 920 2490 correxi
950 2439 1049 2490 sub
1080 2447 1131 2492 te
1163 2458 1375 2494 censore
1404 2442 1632 2495 libellos:

468 2525 625 2576 saepe
657 2508 751 2559 tibi
782 2509 1053 2561 admonitu
1083 2510 1224 2563 facta
1252 2511 1410 2564 litura
1438 2531 1556 2565 meo
1589 2522 1683 2575 est,

396 2576 612 2646 dignam
642 2577 904 2631 Maeoniis
934 2579 1239 2633 Phaeacida
1269 2583 1494 2635 condere
1526 2582 1719 2636 chartis

468 2666 589 2699 cum
619 2656 671 2701 te
700 2648 938 2702 Pierides
969 2651 1290 2720 perdocuere
1321 2653 1466 2705 deae.

394 2717 479 2770 hic
510 2729 680 2782 tenor,
712 2719 843 2773 haec
873 2720 1025 2772 viridi
1056 2723 1334 2775 concordia
1365 2734 1550 2794 coepta
1577 2725 1794 2777 iuventa.

309 2803 364 2842 30
466 2790 609 2842 venit
640 2789 707 2841 ad
737 2791 972 2843 albentes
1002 2792 1321 2846 inlabefacta
1349 2812 1542 2847 comas·

393 2877 530 2927 quae
560 2861 659 2912 nisi
691 2870 741 2913 te
772 2873 1043 2925 moveant,
1076 2864 1207 2916 duro
1238 2864 1334 2917 tibi
1362 2875 1575 2935 pectora
1604 2866 1742 2919 ferro

465 2949 578 2983 esse
609 2932 694 2983 vel
723 2932 917 2985 invicto
949 2934 1127 2987 clausa
1157 2935 1436 2990 adamante
1465 2946 1663 3006 putem.

393 3001 486 3054 sed
516 3002 661 3070 prius
692 3002 814 3055 huic
845 3004 1014 3057 desint
1046 3014 1097 3058 et
1127 3005 1325 3058 bellum
1355 3015 1408 3060 et
1437 3007 1637 3078 frigora
1666 3017 1855 3073 terrae,

462 3072 662 3124 invisus
693 3074 844 3126 nobis
876 3093 1011 3144 quae
1042 3076 1148 3128 duo
1178 3077 1383 3130 Pontus
1414 3077 1590 3141 habet,

307 3157 360 3196 35
394 3150 444 3194 et
475 3143 682 3211 tepidus
714 3145 900 3198 boreas
933 3155 982 3198 et
1014 3147 1080 3198 sit
1109 3148 1461 3218 praefrigidus
1493 3157 1684 3213 auster,

463 3222 514 3264 et
543 3214 707 3282 possit
736 3215 904 3267 fatum
934 3217 1143 3270 mollius
1173 3237 1287 3271 esse
1318 3238 1512 3282 meum,

393 3300 552 3350 quam
583 3293 675 3337 tua
704 3285 808 3337 sint
836 3287 974 3338 lasso
1005 3288 1311 3356 praecordia
1341 3290 1473 3342 dura
1503 3289 1692 3342 sodali:

460 3353 545 3406 hic
576 3356 817 3407 cumulus
847 3357 1034 3408 nostris
1066 3358 1224 3420 absit,
1257 3359 1535 3427 abestque,
1566 3360 1743 3413 malis!

388 3431 446 3475 tu
476 3424 633 3476 modo
664 3436 758 3494 p‘er
788 3444 1030 3495 superOS‚
1062 3446 1286 3496 quorum
1318 3430 1639 3484 certissimus
1670 3431 1756 3484 ille
1787 3440 1886 3496 est,

302 3511 359 3550 40
462 3513 565 3562 quo
596 3504 718 3547 tuus
750 3497 957 3548 assidue
989 3498 1223 3568 principe
1255 3501 1417 3552 crevit
1447 3501 1630 3565 honor,

387 3565 537 3618 effice
569 3566 826 3619 constanti
855 3567 1140 3639 profugum
1170 3569 1363 3640 pietate
1396 3572 1632 3636 colende,
