2158 3906
387 308 493 387 274
938 319 992 362 Ρ.
1027 318 1233 364 OVIDII
1263 318 1535 365 NASONIS

389 420 481 473 sed
512 430 569 472 tu
600 420 741 487 quod
771 419 958 482 nolles,
989 420 1155 472 voluit
1185 420 1480 474 miserabile
1511 421 1704 474 fatum:

461 491 507 542 ei
539 490 689 542 mihil
720 490 838 559 plus
868 490 1022 552 illud,
1054 508 1211 559 quam
1243 499 1335 543 tua
1364 501 1512 554 vota,
1544 493 1700 545 valet.

331 578 356 616 5
387 561 441 612 in
474 559 693 628 Scythia
722 560 873 612 nobis
904 561 1255 644 quinquennis
1287 562 1543 632 olympias
1576 573 1692 616 acta
1723 572 1823 617 est·

458 630 564 681 iam
594 640 800 700 tempus
831 631 982 683 lustri
1012 632 1198 684 transit
1226 632 1280 684 in
1312 633 1543 686 alterius·

390 709 587 770 peistat
617 702 756 753 enim
786 701 997 754 fortuna
1027 712 1209 765 tenax,
1243 703 1484 772 votisque
1515 704 1809 774 malignum

461 771 678 840 opponit
707 773 896 824 nostris
927 773 1179 826 insidiosa
1208 774 1416 843 pedem.

389 851 561 894 certus
593 861 706 894 eras
737 861 832 912 pro
862 863 972 907 me,
1002 844 1202 897 Fabiae
1231 845 1369 907 laus,
1401 845 1667 908 Maxime,
1697 846 1887 916 gentis,

304 930 357 969 10
457 931 653 966 numen
684 914 753 966 ad
782 914 1093 984 Augustum
1124 915 1361 984 supplice
1392 933 1522 968 voce
1550 916 1722 983 loqui.

388 983 581 1036 occidis
613 994 734 1036 ante
764 1003 970 1055 preceS,
1002 1004 1322 1054 causamque
1353 1004 1476 1057 eg0,
1508 986 1773 1051 Maxime,
1811 987 1993 1040 mortis
2022 1016 2097 1029 —·

392 1077 395 1079 ·
457 1072 556 1107 nec
586 1054 790 1108 fueram
821 1056 952 1108 tanti
981 1087 1053 1094 —
1080 1075 1166 1109 me
1196 1074 1314 1110 reor
1345 1075 1459 1110 esse
1489 1065 1628 1110 tuae.
1851 1083 1856 1087 ·

385 1125 491 1177 iam
521 1125 680 1178 timeo
710 1135 944 1179 nostram
976 1127 1225 1196 cuiquam
1254 1128 1505 1181 mandare
1537 1129 1774 1182 salutem.

456 1197 630 1265 ipsum
660 1207 828 1250 morte
859 1207 951 1251 tua
981 1198 1208 1251 concidit
1240 1199 1509 1251 auxilium.

304 1284 355 1323 15
388 1277 632 1336 coeperat
661 1268 943 1338 Augustus
975 1269 1226 1339 deceptae
1256 1270 1530 1339 ignoscere
1560 1270 1773 1340 culpae:

458 1357 606 1407 spem
636 1348 867 1392 nostram
897 1350 1061 1392 terras
1093 1341 1427 1409 deseruitque
1460 1341 1630 1393 simul.

387 1411 542 1477 quale
573 1419 748 1463 tamen
779 1411 951 1480 potui,
984 1412 1049 1464 de
1081 1411 1289 1474 caelite,
1320 1412 1510 1495 Brute,
1541 1411 1739 1465 recenti

457 1489 631 1532 vestra
651 1481 842 1563 procul
871 1482 1073 1551 positus
1105 1501 1315 1536 carmen
1342 1483 1399 1535 in
1429 1501 1520 1535 ora
1551 1482 1688 1536 dedi.

387 1568 523 1618 quae
553 1551 718 1621 prosit
747 1551 915 1621 pietas
945 1552 1147 1605 utinam
1177 1553 1330 1616 mihi,
1362 1553 1534 1622 sitque
1563 1554 1824 1606 malorum

301 1638 355 1677 20
456 1621 562 1673 iam
593 1622 780 1674 modus
814 1631 864 1675 et
895 1641 1094 1676 sacrae
1103 1623 1279 1676 mitior
1307 1624 1386 1676 ira
1416 1623 1627 1676 domus!
1880 1626 1886 1632 ’

386 1700 437 1744 te
468 1710 677 1760 quoque
707 1693 849 1746 idem
877 1694 1077 1762 liquido
1107 1713 1323 1764 possum
1352 1694 1525 1747 iurare
1554 1695 1774 1764 precari,

458 1781 488 1814 o
519 1763 648 1814 mihi
677 1782 783 1815 non
814 1764 975 1817 dubia
1006 1765 1212 1835 cognite
1244 1766 1409 1818 Brute
1439 1774 1580 1817 nota.

385 1853 507 1885 nam
540 1852 659 1886 cum
691 1835 1011 1903 praestiteris
1042 1854 1226 1889 verum
1256 1836 1385 1888 mihi
1417 1855 1665 1917 semper
1653 1855 1904 1900 amorem,

457 1904 541 1957 hic
572 1913 749 1957 tamen
780 1905 1000 1958 adverso
1031 1915 1267 1975 tempore
1299 1905 1462 1958 crevit
1491 1924 1654 1958 amor.

301 1991 352 2030 25
386 1975 581 2043 quique
613 1984 732 2028 tuas
762 1976 957 2045 pariter
986 1977 1228 2029 lacrimas
1259 1986 1570 2046 nostrasque
1602 1977 1819 2041 videret,

456 2065 703 2115 passuros
733 2065 959 2116 poenam
990 2047 1226 2100 crederet
1257 2066 1369 2101 esse
1402 2048 1551 2100 duos.

384 2117 557 2169 lenem
587 2126 638 2170 te
668 2118 872 2171 miseris
903 2119 1085 2188 genuit
1116 2128 1328 2182 natura,
1357 2137 1456 2172 nec
1486 2119 1581 2172 ulli

456 2188 632 2240 mitius
662 2188 958 2257 ingenium,
990 2207 1151 2271 quam
1180 2190 1299 2252 tibi,
1330 2190 1522 2252 Brute,
1553 2190 1720 2243 dedit:

382 2268 443 2311 ut
474 2259 587 2326 qui,
619 2259 747 2327 quid
777 2260 979 2323 valeaS,
1009 2261 1241 2330 ignoret,
1271 2261 1449 2314 Marte
1479 2260 1693 2325 forensi,

300 2345 354 2384 30
456 2348 610 2398 posse
641 2341 732 2382 tuo
763 2331 946 2400 peragi
976 2331 1066 2384 vix
1095 2341 1246 2401 putet
1275 2350 1364 2385 ore
1394 2350 1527 2385 reOS.

386 2400 582 2452 scilicet
614 2401 849 2454 eiusdem
881 2413 982 2464 est,
1014 2403 1256 2470 quamvis
1287 2422 1527 2472 pugnare
1557 2402 1819 2466 videntur,

456 2471 779 2540 supplicibus
809 2442 1042 2535 facilein,
1075 2473 1312 2525 sontibus
1343 2492 1457 2526 esse
1486 2482 1706 2526 trucem.

386 2559 506 2594 cum
538 2542 631 2593 tibi
663 2552 907 2611 suscepta
936 2552 1013 2595 est
1044 2543 1176 2613 legis
1207 2543 1440 2596 vindicta
1470 2562 1701 2606 severae,

456 2612 617 2664 verba
648 2613 792 2665 velut
822 2613 1042 2666 tinctum
1074 2589 1281 2683 singula
1310 2614 1453 2666 virus
1483 2613 1696 2667 habent,

299 2698 351 2737 35
383 2681 621 2735 hostibus
654 2684 883 2746 eveniat,
915 2702 1074 2752 quam
1105 2684 1174 2736 sis
1205 2684 1509 2737 violentus
1493 2703 1548 2737 1n
1581 2686 1755 2748 armiS,

457 2753 647 2807 sentire
678 2764 730 2807 et
758 2754 971 2824 linguae
1003 2756 1107 2808 tela
1138 2755 1314 2809 subire
1346 2765 1484 2809 tuae.

383 2843 519 2893 quae
550 2825 646 2877 tibi
676 2835 785 2877 tam
814 2825 959 2878 tenui
990 2844 1116 2878 cura
1146 2826 1419 2889 limantur,
1449 2835 1509 2878 ut
1539 2844 1719 2885 omnes

453 2895 604 2947 istius
634 2896 906 2966 ingenium
938 2897 1168 2967 corporis
1200 2916 1315 2951 esse
1339 2906 1554 2980 negent.

383 2975 435 3018 at
467 2967 510 3018 si
539 2984 698 3034 quem
728 2968 866 3020 laedi
895 2967 1107 3020 fortuna
1138 2968 1307 3021 cernis
1337 2967 1535 3037 iniqua,

296 3053 351 3092 40
452 3038 659 3090 molli01
689 3047 768 3091 est
798 3038 971 3091 animo
1002 3039 1200 3092 femina
1228 3038 1374 3091 nulla
1402 3048 1511 3092 tuo·

381 3107 482 3160 hoc
513 3127 612 3190 ego
643 3110 923 3179 praecipue
955 3111 1117 3172 sensi,
1150 3128 1271 3163 cum
1300 3129 1497 3193 magna
1526 3127 1767 3163 meorum

452 3179 690 3232 notitiam
720 3199 840 3250 pars
873 3189 952 3233 est
981 3181 1201 3233 infitiata
1230 3180 1351 3234 mei.

380 3248 637 3302 inmemor
665 3250 910 3313 illorum,
930 3252 1089 3304 vestri
1118 3270 1224 3303 non
1253 3251 1510 3304 inmemor
1538 3269 1809 3319 umquam,

452 3320 544 3387 qui
574 3322 712 3373 mala
742 3321 949 3373 solliciti
977 3330 1157 3374 nostra
1184 3321 1393 3384 levatiS,
1427 3340 1531 3375 erc.

295 3406 350 3446 45
383 3399 433 3443 et
464 3390 607 3459 prius
638 3391 724 3444 hic
754 3391 975 3443 nimium
1004 3391 1156 3444 nobis
1188 3392 1542 3445 conterminus
1574 3391 1758 3446 Hister

451 3461 505 3513 in
536 3471 695 3531 caput
725 3461 937 3515 Euxino
969 3462 1034 3516 de
1065 3481 1209 3515 mare
1239 3471 1408 3517 vertet
1436 3463 1551 3526 iter,
