2158 3906
352 321 455 375 142
908 331 961 374 Ρ.
998 329 1205 374 OVIDII
1234 329 1506 375 NASONIS

354 453 547 503 arguor
577 431 854 485 immeritO.
930 430 1102 483 tenuis
1133 430 1260 482 mihi
1292 449 1509 500 campus
1540 440 1739 484 aratur:

424 504 553 556 illud
585 512 695 556 erat
726 520 952 570 magnae
983 501 1261 554 fertilitatis
1293 520 1446 584 opus:

353 594 457 627 non
489 575 609 626 ideo
641 572 796 625 debet
827 572 1018 640 pelago
1051 591 1106 624 se
1138 572 1375 634 credere,
1406 572 1450 624 si
1481 590 1587 641 qua

241 665 323 703 330
427 643 628 696 audet
614 663 669 694 1n
702 642 895 710 exiguo
925 643 1107 695 ludere
1139 643 1331 695 cumba
1360 645 1496 725 lacu.

355 717 533 767 forsan
562 743 633 750 —
663 722 715 765 et
740 712 843 795 boc
875 713 1111 766 dubitem
1139 744 1211 750 ——
1240 714 1472 767 numeris
1502 714 1787 768 levioribus
1819 722 1979 785 aptus

428 785 525 836 sim
558 784 706 845 satis,
738 783 792 835 in
823 802 1015 853 parvos
1048 784 1413 867 sufficiamque
1444 786 1651 837 modos:

354 865 405 907 at
438 855 480 907 si
512 874 596 907 me
626 854 810 907 iubeas
843 854 1066 907 domitos
1098 855 1285 907 Iovis
1271 874 1395 924 1gne
1429 853 1688 925 Gigantes

425 926 623 987 dicere,
657 935 933 977 conantem
966 926 1258 978 debilitabit
1289 944 1438 978 onus.

241 1014 321 1053 335
355 996 529 1048 divitis
559 996 758 1066 ingenii
789 1006 868 1049 est
898 996 1148 1048 immania
1180 995 1423 1049 Caesaris
1454 1006 1572 1050 acta

426 1067 675 1128 condere,
706 1067 930 1119 materia
958 1086 1025 1120 ne
1057 1077 1334 1136 superetur
1363 1086 1513 1137 opus.

354 1147 404 1191 et
435 1148 609 1191 tamen
640 1157 800 1190 ausus
833 1157 999 1191 eram:
1032 1139 1126 1191 sed
1157 1138 1444 1192 detrectare
1475 1138 1709 1202 videbar,

425 1209 673 1277 quodque
703 1209 877 1271 nefaS,
911 1209 1103 1265 damno
1133 1209 1333 1262 viribus
1364 1228 1478 1262 esse
1509 1210 1630 1262 tuis.

355 1281 422 1333 ad
451 1281 567 1332 leve
597 1299 777 1332 rursus
810 1299 966 1349 opUS,
997 1280 1263 1333 iuvenalia
1292 1280 1548 1344 carmina,
1579 1280 1718 1344 veni,

243 1369 326 1407 340
429 1360 479 1404 et
509 1350 642 1403 falso
673 1351 814 1402 movi
845 1361 1028 1420 pectus
1061 1370 1238 1404 amore
1268 1370 1463 1405 meum.

357 1440 463 1474 non
496 1421 742 1489 equidem
771 1423 983 1474 vellem:
1018 1422 1109 1474 sed
1139 1441 1223 1475 me
1254 1442 1374 1475 mea
1403 1422 1515 1476 fata
1543 1422 1842 1484 trahebant,

428 1510 589 1559 mque
620 1511 763 1544 meas
795 1511 991 1561 poenas
1021 1512 1324 1562 mgenlosus
1356 1512 1516 1546 eram.

356 1564 405 1615 ei
437 1563 592 1626 mihi,
624 1563 766 1631 quod
797 1563 980 1625 didici,
1011 1582 1105 1616 cur
1134 1582 1218 1616 me
1249 1564 1474 1617 docuere
1504 1573 1767 1634 parenteS,

427 1634 705 1701 litteraque
737 1644 814 1686 est
845 1635 1022 1686 oculos
1053 1635 1162 1687 ulla
1191 1644 1395 1687 morata
1423 1636 1599 1688 meos?

242 1722 324 1760 345
357 1705 487 1757 haec
518 1705 614 1756 tibi
643 1723 727 1757 me
757 1705 986 1757 invisum
1015 1705 1230 1758 lascivia
1260 1706 1408 1767 fecit,
1440 1706 1509 1758 ob
1539 1706 1718 1767 ArteS,

427 1794 559 1843 quas
590 1784 734 1827 ratus
766 1795 822 1828 es
853 1777 1042 1829 vetitos
1074 1776 1352 1829 sollicitare
1382 1785 1539 1829 toros.

355 1847 448 1898 sed
477 1864 650 1913 neque
682 1865 767 1899 me
797 1856 995 1916 nuptae
1027 1847 1320 1899 didicerunt
1349 1846 1491 1899 furta
1519 1847 1790 1916 magistrO,

427 1917 676 1985 quodque
708 1936 895 1986 parum
925 1917 1094 1980 novit,
1124 1935 1280 1970 nemo
1311 1917 1499 1971 docere
1528 1926 1717 1987 potest.

355 1988 429 2040 sic
461 2006 560 2057 ego
594 1987 806 2041 delicias
838 1999 890 2041 et
920 1989 1096 2040 mollia
1126 1988 1358 2041 carmina
1387 1988 1507 2051 feci,

240 2074 322 2114 350
427 2058 693 2111 strinxerit
722 2067 779 2111 ut
809 2077 1002 2112 nomen
1032 2059 1216 2112 fabula
1243 2059 1389 2112 nulla
1418 2078 1618 2113 meum:

352 2147 451 2182 nec
482 2130 761 2197 quisquam
791 2139 869 2183 est
900 2130 1032 2183 adeo
1062 2130 1236 2183 media
1266 2131 1331 2183 de
1361 2130 1516 2200 plebe
1546 2130 1783 2194 maritUS,

425 2209 483 2252 ut
514 2200 706 2252 dubius
739 2200 864 2253 vitio
896 2201 962 2253 sit
991 2211 1141 2271 pater
1168 2201 1256 2255 ille
1284 2207 1421 2254 meo.

354 2271 509 2323 crede
539 2271 692 2334 mihi,
725 2272 919 2324 distant
948 2291 1120 2325 mores
1150 2292 1183 2325 a
1213 2273 1443 2325 carmine
1472 2280 1673 2325 nostro:

425 2342 536 2394 vita
565 2343 864 2395 verecunda
894 2352 996 2406 est,
1028 2343 1234 2395 Musa
1219 2361 1397 2396 locosa
1426 2363 1561 2406 mea,

240 2428 321 2467 355
355 2430 654 2482 magnaque
685 2432 807 2481 pars
839 2432 1057 2483 opeium
1087 2414 1318 2466 mendax
1347 2423 1399 2466 et
1427 2415 1550 2467 ficta
1578 2432 1818 2467 meorum

423 2485 543 2552 plus
576 2483 673 2534 sibi
704 2484 940 2552 permisit
972 2485 1316 2566 compositore
1347 2503 1459 2536 suc.

353 2571 451 2606 nec
480 2553 614 2606 liber
642 2554 894 2606 indicium
925 2565 1003 2607 est
1035 2555 1218 2618 animi,
1251 2555 1343 2607 sed
1372 2555 1593 2609 honesta
1621 2555 1887 2625 voluptaS,

423 2624 651 2693 plurima
680 2625 971 2678 mulcendis
1003 2626 1217 2678 auribus
1248 2635 1372 2695 apta
1401 2626 1593 2679 ferens·

352 2695 552 2747 Accius
583 2704 720 2748 esset
751 2697 932 2748 atrox?
963 2697 1186 2749 conviva
1217 2697 1496 2750 Terentius
1528 2698 1694 2750 esset?

239 2782 322 2822 360
425 2775 597 2819 essent
626 2785 920 2836 pugnaceS,
941 2768 1043 2835 qui
1073 2767 1186 2820 fera
1219 2768 1356 2820 bella
1386 2768 1611 2820 canunt?

354 2837 579 2905 denique
611 2838 882 2907 composui
912 2847 1117 2891 teneros
1148 2857 1256 2891 non
1287 2839 1428 2891 solus
1461 2857 1689 2892 amores:

423 2908 713 2977 composito
744 2927 939 2977 poenas
971 2910 1111 2961 solus
1143 2909 1321 2963 ainore
1352 2909 1490 2962 dedi.

351 2978 503 3046 quid,
534 2979 634 3031 nisi
665 2998 786 3031 cum
816 2981 981 3032 multo
1013 2981 1277 3034 Venerem
1309 2979 1633 3035 confundere
1662 2981 1805 3044 vino,

422 3050 687 3119 praecepit
718 3050 868 3119 lyrici
897 3051 1030 3104 Te'ia
1059 3051 1222 3103 Musa
1252 3052 1422 3133 senis?

238 3136 319 3175 365
353 3119 551 3172 Lesbia
582 3121 709 3187 quid
740 3121 917 3173 docuit
948 3120 1190 3191 Sappho,
1221 3122 1323 3174 nisi
1353 3140 1528 3174 amare
1557 3121 1793 3191 puellas?

422 3200 535 3242 tuta
565 3199 741 3243 tamen
773 3190 1014 3261 SapphO,
1047 3201 1191 3244 tutus
1222 3201 1272 3244 et
1301 3192 1388 3244 ille
1418 3192 1534 3244 fuit.

350 3278 448 3312 nec
478 3260 599 3322 tibi,
631 3261 899 3324 Battiade,
929 3262 1132 3323 nocuit,
1163 3263 1305 3329 quod
1337 3281 1492 3331 saepe
1522 3261 1722 3331 legenti

423 3330 635 3383 delicias
665 3350 819 3383 versu
850 3331 1022 3384 fassus
1055 3351 1110 3385 es
1140 3332 1253 3401 ipse
1283 3341 1418 3384 tuaS.

350 3401 532 3454 fabula
562 3401 778 3454 iucundi
807 3403 952 3454 nulla
982 3411 1061 3455 est
1091 3402 1200 3455 sine
1232 3421 1408 3455 amore
1439 3402 1748 3456 Menandri:

236 3486 318 3527 370
422 3482 473 3525 et
504 3472 633 3524 solet
662 3471 746 3524 hic
777 3473 953 3541 pueris
983 3473 1380 3542 virginibusque
1411 3473 1532 3543 legi.
