2158 3906
344 332 445 386 196
903 336 958 380 Ρ.
992 336 1199 382 OVIDII
1229 336 1500 383 NASONIS

345 445 544 498 fallitur
574 443 670 494 iste
702 449 902 500 tamen,
935 455 1039 505 quo
1069 437 1242 491 iudice
1271 439 1514 491 nominor
1544 440 1690 493 exul:

242 526 316 575 ⁵10
419 514 622 566 mollior
653 520 731 563 est
763 510 973 578 culpam
1003 527 1174 578 poena
1205 518 1386 562 secuta
1416 529 1605 563 meam.

350 585 581 638 maxima
611 600 782 663 poena
810 579 942 631 mihi
971 593 1073 642 est,
1106 580 1290 649 Ipsum
1320 580 1629 643 offendisse3
1660 581 1912 650 priusque

421 655 611 707 vellem
642 651 872 704 venisset
901 649 1100 703 funeris
1130 650 1261 703 hora
1290 651 1435 703 mihi.

349 743 541 794 quassa
571 732 747 775 tamen
777 730 957 774 nostra
987 731 1089 785 est,
1120 740 1218 775 nec
1248 741 1421 775 meisa
1449 740 1547 776 nec
1578 722 1790 785 obruta,
1821 722 1999 776 navis:

418 805 580 863 utque
613 802 754 846 caret
784 801 963 862 portU,
996 793 1069 845 sic
1099 801 1277 845 tamen
1307 802 1452 845 extat
1482 794 1648 862 aquis,

240 883 316 923 >15
348 885 444 919 nec
477 866 639 917 vitam
669 882 767 916 nec
798 881 924 945 opes
955 881 1054 916 nec
1083 863 1164 915 ius
1196 863 1323 915 mihi
1356 863 1484 917 civis
1516 864 1727 929 ademit,

420 955 556 1005 quae
586 935 756 988 merui
786 934 913 987 vitio
945 934 1164 1004 perdere
1196 943 1386 986 cuncta
1414 953 1549 987 meo,

350 1008 443 1062 sed
474 1007 598 1075 quia
627 1014 844 1076 peccato
875 1005 1081 1057 facinus
1111 1023 1218 1057 non
1248 1005 1418 1057 adfuit
1446 1006 1631 1069 ullum,

420 1078 493 1130 nil
524 1078 625 1129 nisi
655 1096 738 1130 me
770 1076 952 1146 patriis
982 1076 1134 1128 iussit
1165 1076 1350 1129 abesse
1380 1075 1528 1128 focis.

349 1159 513 1217 utque
545 1148 685 1210 aliis,
718 1166 944 1216 quorum
973 1166 1253 1199 numerum
1284 1147 1658 1229 comprendere
1689 1165 1797 1200 non
1827 1155 1922 1211 est,

267 1237 321 1277 20
424 1219 745 1272 Caesareum
776 1237 974 1271 numen
1005 1218 1078 1271 sic
1108 1218 1238 1270 mihi
1268 1218 1393 1271 mite
1423 1217 1540 1271 fuit.

349 1291 462 1361 ipse
492 1290 734 1360 relegati,
769 1308 875 1342 non
907 1289 1074 1342 exulis
1106 1289 1270 1341 utitur
1297 1289 1353 1341 in
1382 1308 1468 1342 me

422 1362 656 1414 nomine:
689 1370 803 1413 tuta
834 1379 930 1413 suo
960 1360 1133 1413 iudice
1165 1379 1324 1413 causa
1354 1379 1472 1414 mea
1503 1369 1596 1413 est.

350 1433 463 1485 iure
494 1433 656 1502 igitur
685 1431 893 1494 laudes,
928 1429 1150 1494 Caesar,
1181 1450 1276 1501 pro
1308 1440 1457 1501 parte
1488 1431 1625 1485 virili

424 1503 657 1556 carmina
686 1512 865 1554 nostra
895 1511 1013 1555 tuas
1045 1503 1450 1571 qualiacumque
1480 1511 1698 1556 canunt:

267 1589 319 1630 25
350 1575 463 1627 iure
496 1575 647 1636 deos,
677 1582 737 1625 ut
768 1573 939 1625 adhuc
971 1573 1102 1625 caeli
1131 1573 1227 1625 tibi
1257 1573 1438 1626 limina
1468 1574 1716 1626 claudant

421 1655 579 1714 teque
610 1644 773 1698 velint
804 1644 915 1696 sine
947 1663 1025 1706 se,
1058 1662 1385 1714 comprecor,
1417 1663 1531 1697 esse
1563 1644 1737 1697 deum.

352 1725 498 1785 optat
527 1716 668 1768 idem
699 1715 942 1784 populus
1020 1715 1111 1767 sed
1143 1725 1199 1766 ut
1229 1715 1284 1767 in
1313 1734 1457 1768 mare
1487 1715 1705 1767 flumina
1735 1723 1963 1777 vastum,

423 1788 497 1839 sic
530 1787 660 1838 solet
692 1786 916 1855 exiguae
949 1804 1155 1838 currere
1186 1786 1330 1838 rivus
1361 1803 1546 1853 aquae.

353 1866 406 1911 at
435 1867 493 1909 tu
523 1858 814 1916 fortunam,
848 1855 996 1908 cuius
1027 1874 1186 1909 vocor
1217 1856 1340 1908 exul
1370 1857 1437 1908 ab
1468 1874 1574 1918 ore,

243 1943 321 1984 ·3o
422 1928 634 1980 nomine
666 1927 907 1980 mendaci
936 1945 1092 1996 parce
1123 1945 1346 1996 gravare
1376 1925 1573 1980 meam!

1132 2039 1268 2092 XII.

352 2140 578 2202 Scribis,
610 2149 670 2193 ut
700 2140 961 2192 oblectem
992 2139 1165 2191 studio
1195 2139 1517 2193 lacrimabile
1548 2148 1774 2211 tempUS,

423 2231 490 2264 ne
536 2220 740 2263 3ereant
771 2210 910 2280 turpi
939 2219 1153 2280 pectora
1181 2219 1360 2263 nostra
1391 2211 1511 2263 situ.

354 2231 566 2335 difficile
597 2291 677 2335 est
706 2282 873 2350 quod,
905 2282 1096 2344 amice,
1129 2299 1335 2344 moneS,
1367 2281 1492 2349 quia
1522 2281 1755 2335 carmina
1784 2282 1982 2336 laetum

425 2362 547 2405 sunt
579 2371 711 2422 opus
745 2362 797 2405 et
827 2370 1012 2422 pacem
1043 2352 1233 2405 mentis
1265 2353 1458 2405 habere
1489 2353 1688 2405 volunt,

296 2443 322 2482 5
353 2432 532 2476 nos-tia
562 2442 658 2494 per
688 2421 937 2476 adversas
969 2423 1143 2492 agitur
1173 2422 1385 2476 fortuna
1414 2424 1688 2492 procellae,

425 2504 562 2546 sorte
593 2512 690 2546 nec
721 2495 828 2545 ulla
857 2502 1030 2563 potest
1059 2493 1254 2546 tristior
1284 2512 1396 2546 esse
1427 2512 1560 2546 mea.

278 2608 287 2619 .
355 2565 547 2634 exigiS‚
580 2574 639 2616 ut
668 2565 914 2616 Priamus
944 2573 1188 2616 natorum
1218 2564 1401 2617 funere
1431 2564 1595 2627 ludat,

426 2646 478 2688 et
508 2635 680 2688 Niobe
711 2636 874 2687 festos
906 2635 1064 2687 ducat
1094 2644 1152 2687 ut
1182 2635 1312 2688 orba
1342 2634 1559 2688 choros?

354 2706 583 2759 luctibus
615 2726 683 2759 an
714 2705 886 2758 studio
917 2706 1099 2758 videor
1129 2706 1321 2760 debere
1350 2706 1533 2768 teneri,

272 2798 324 2836 10
426 2777 567 2829 solus
600 2777 667 2829 ad
698 2786 959 2830 extremos
990 2778 1162 2829 iussus
1194 2777 1338 2830 abire
1370 2775 1570 2830 Getas?

355 2849 446 2901 des
477 2848 598 2901 licet
627 2848 681 2900 in
714 2848 887 2900 valido
917 2857 1101 2917 pectus
1132 2847 1261 2900 mihi
1290 2848 1478 2901 robore
1508 2848 1718 2910 fultum,

425 2920 567 2971 fama
597 2919 758 2972 refert
788 2919 957 2988 Anyti
988 2919 1142 2987 quale
1173 2918 1336 2972 fuisse
1367 2937 1480 2972 reo:

354 2990 523 3043 fracta
553 2990 705 3043 cadet
734 2999 912 3042 tantae
945 2989 1201 3059 sapientia
1229 2990 1367 3043 mole
1395 2989 1596 3043 ruinae.

425 3062 546 3131 plus>
576 3062 714 3114 valet
744 3060 988 3113 humanis
1018 3061 1217 3114 viribus
1246 3061 1326 3113 ira
1355 3060 1454 3114 dei.

270 3148 322 3188 15
353 3131 440 3184 ille
473 3151 656 3195 seneX,
689 3131 860 3185 dictus
891 3132 1100 3201 sapiens
1131 3132 1198 3184 ab
1230 3131 1502 3201 Apolline,
1535 3130 1738 3182 nullum

425 3203 652 3256 scribere
685 3203 739 3254 in
768 3203 869 3254 hoc
900 3221 1026 3255 casu
1057 3203 1387 3255 sustinuisset
1417 3219 1566 3270 opus,

353 3282 412 3325 ut
442 3273 655 3326 veniant
685 3273 909 3342 patriae,
941 3273 1156 3324 veniant
1185 3272 1381 3324 oblivia
1411 3271 1585 3334 vestri,

425 3343 593 3395 omnis
624 3352 684 3395 ut
714 3342 893 3395 amissi
925 3362 1107 3396 sensus
1141 3343 1324 3395 abesse
1354 3350 1536 3410 queat:

354 3423 408 3467 at
437 3415 593 3466 timor
624 3413 798 3466 officio
831 3413 983 3482 fungi
1016 3422 1157 3466 vetat
1186 3414 1297 3482 ipse
1329 3413 1524 3481 quieto.

270 3503 322 3542 20
426 3485 626 3538 cinctus
658 3484 725 3538 ab
755 3484 1030 3538 innumero
1060 3503 1144 3538 me
1176 3492 1318 3537 tenet
1347 3484 1497 3537 hoste
1526 3484 1691 3539 locus·
