2158 3906
331 317 436 371 232
884 328 941 371 P.
976 326 1183 373 OV1D11
1213 328 1486 376 NASONIS

247 449 301 488 55
333 430 424 499 qui
455 429 704 497 quoniam
736 428 1001 491 extinctis,
1033 447 1169 497 quae
1201 430 1382 493 debet,
1413 442 1645 501 praestat
1675 434 1873 499 amiciS,

406 510 457 553 et
485 517 581 551 nos
614 499 856 552 extinctis
887 500 1232 554 adnumerare
1263 511 1451 571 potest.

1147 613 1224 666 X.

334 713 479 764 Naso
505 729 599 763 suo
623 710 882 781 profugus
906 712 1066 765 mittit
1088 713 1199 777 tibi,
1224 714 1272 766 F
1273 714 1437 778 lacce,
1466 716 1714 770 salutem:
1759 717 2045 766 FLACCO·

404 782 609 835 mittere
640 801 752 835 rem
783 783 827 834 si
858 783 997 852 quis,
1030 802 1136 853 qua
1166 795 1308 838 caret
1337 786 1474 855 ipse,
1505 797 1695 856 potest.

330 854 523 922 longus
556 853 695 905 enim
727 854 866 906 curis
898 855 1138 907 vitiatum
1171 874 1361 925 corpus
1391 858 1583 911 amaris

403 942 509 976 non
539 924 736 993 patitur
765 924 903 978 vires
934 926 1158 995 languor
1187 927 1383 981 habere
1413 944 1552 982 suas.

274 1012 300 1050 5
331 1013 428 1047 nec
461 994 609 1047 dolor
638 995 777 1050 ullus
810 996 982 1059 adest,
1013 1016 1112 1050 nec
1142 997 1382 1051 febribus
1412 1018 1536 1052 uror
1565 1001 1783 1066 anhelis,

404 1075 455 1118 et
484 1066 690 1135 peragit
721 1066 858 1118 soliti
889 1086 1024 1121 vena
1055 1069 1249 1122 tenoris
1279 1070 1402 1123 iter:

334 1155 391 1188 os
423 1136 585 1190 hebes
619 1146 721 1200 est,
753 1138 1062 1207 positaeque
1092 1149 1307 1193 movent
1336 1140 1548 1194 fastidia
1576 1162 1808 1207 mensae,

406 1217 457 1261 et
488 1209 702 1276 queror,
734 1208 888 1261 invisi
919 1228 1041 1262 cum
1071 1211 1215 1263 venit
1243 1211 1374 1265 hora
1403 1212 1523 1266 cibi.

332 1279 475 1346 quod
505 1298 673 1341 mare,
707 1280 850 1347 quod
881 1281 1059 1345 tellu3,
1092 1283 1322 1352 adpone,
1354 1284 1498 1351 quod
1528 1284 1717 1338 educat
1748 1304 1861 1339 aer:

248 1367 301 1406 10
402 1350 476 1401 nil
505 1350 604 1413 ibi,
636 1351 779 1418 quod
809 1351 963 1404 nobis
995 1353 1276 1417 esuriatur,
1309 1355 1422 1407 erit,

331 1430 512 1473 nectar
543 1430 594 1474 et
625 1421 967 1484 ambrosiam,
997 1423 1178 1477 latices
1210 1425 1498 1495 epulasque
1530 1427 1764 1490 deorum,

404 1492 491 1545 det
522 1491 652 1543 mihi
682 1492 914 1546 formosa
943 1513 1082 1547 nava
1111 1496 1336 1549 Iuventa
1364 1516 1550 1549 manu:

330 1579 436 1614 non
468 1572 645 1615 tamen
677 1574 899 1617 exacuet
930 1574 1144 1635 torpens
1176 1585 1334 1637 sapor
1362 1567 1450 1621 ille
1478 1569 1732 1637 palatum,

405 1633 563 1686 stabit
595 1643 646 1687 et
675 1634 731 1686 in
762 1636 1031 1688 stomacho
1061 1637 1269 1707 pondus
1299 1638 1466 1692 inerte
1498 1639 1604 1691 diu.

246 1721 298 1760 15
329 1703 462 1757 haec
494 1723 593 1774 ego
623 1723 730 1758 non
761 1706 954 1770 ausim,
987 1725 1108 1760 cum
1139 1709 1241 1761 sint
1271 1709 1566 1773 verissima,
1600 1710 1766 1763 cuivis

403 1775 655 1839 scribere,
688 1776 900 1830 delicias
931 1797 998 1831 ne
1029 1780 1168 1831 mala
1197 1789 1378 1833 nostra
1407 1790 1576 1834 vocet.

330 1846 528 1899 scilicet
557 1846 600 1899 is
633 1856 798 1900 status
830 1857 932 1911 est,
965 1868 1027 1902 ea
1056 1868 1232 1902 rerum
1262 1851 1434 1903 forma
1464 1870 1718 1915 mearum,

402 1917 600 1970 deliciis
633 1918 791 1971 etiam
822 1919 988 1988 possit
1017 1929 1076 1972 ut
1107 1939 1222 1974 esse
1252 1921 1424 1974 locus!

329 1988 543 2041 delicias
575 1989 650 2040 illi
679 2008 865 2058 precor
894 1990 989 2043 has
1021 1992 1347 2062 contingere,
1380 1992 1425 2045 si
1454 1993 1589 2062 quiS,

242 2076 295 2115 20
398 2078 465 2112 ne
495 2059 624 2111 mihi
654 2060 721 2112 sit
750 2060 916 2114 levior
948 2059 1192 2116 Caesaris
1223 2063 1324 2127 ira,
1359 2063 1524 2117 timet.

325 2130 369 2183 is
401 2148 635 2199 quoque,
668 2131 760 2199 qui
789 2132 973 2201 gracili
1005 2133 1155 2186 cibus
1187 2143 1264 2187 est
1294 2135 1350 2188 in
1381 2153 1622 2206 corpore,
1655 2155 1889 2202 somnus,

396 2211 503 2253 non
534 2202 625 2254 alit
656 2202 831 2255 officio
863 2221 1052 2274 corpus
1082 2205 1239 2258 inane
1270 2223 1366 2258 suo
1376 2226 1391 2269 3

327 2272 419 2325 sed
449 2273 636 2342 vigilo,
669 2273 995 2343 vigilantque
1027 2276 1131 2328 mei
1161 2276 1274 2330 sine
1303 2277 1408 2331 fine
1440 2278 1663 2343 doloreS,

397 2362 624 2411 quorum
654 2345 929 2397 materiam
960 2346 1050 2399 dat
1079 2347 1227 2399 locus
1256 2347 1370 2417 ipse
1401 2348 1545 2401 mihi.

241 2429 293 2467 25
325 2414 415 2466 vix
445 2415 608 2483 igitur
636 2415 804 2484 possis
836 2415 977 2468 visos
1009 2436 1294 2486 agnoscere
1325 2420 1519 2482 vultus,

398 2503 609 2553 quoque
638 2486 778 2549 ierit,
810 2504 1058 2555 quaeras,
1091 2489 1182 2556 qui
1211 2489 1312 2542 fuit
1343 2501 1488 2553 ante,
1523 2492 1679 2544 color.

324 2574 521 2625 parvus
551 2556 606 2607 in
637 2556 798 2610 exiles
830 2575 987 2610 sucus
1018 2558 1146 2611 mihi
1176 2560 1414 2628 pervenit
1445 2573 1606 2625 artUS,

395 2627 738 2695 membraque
770 2638 891 2680 sunt
922 2647 1042 2682 cera
1071 2630 1345 2699 pallidiora
1375 2650 1530 2684 nova.

323 2715 430 2749 non
459 2697 590 2751 haec
619 2698 883 2752 inmodico
916 2701 1153 2753 contraxi
1184 2701 1378 2754 damna
1407 2703 1615 2772 Lyaeo:

239 2782 294 2823 30
397 2768 521 2831 scis,
553 2768 681 2820 mihi
711 2787 871 2838 quam
901 2771 1043 2824 solae
1073 2790 1242 2841 paene
1272 2773 1521 2826 bibantur
1551 2792 1736 2842 aquae.

254 2896 257 2898 ,
322 2857 428 2891 non
459 2840 626 2909 epulis
658 2858 868 2893 oneror:
901 2860 1125 2910 quarum
1155 2843 1201 2896 si
1230 2853 1420 2914 tangar
1449 2863 1644 2909 amore,

396 2919 474 2963 est
504 2920 679 2964 tamen
709 2912 765 2964 in
798 2910 1001 2966 Geticis
1033 2914 1184 2983 copia
1212 2916 1359 2968 nulla
1386 2916 1530 2969 locis.

321 2999 420 3034 nec
450 2981 588 3035 vires
620 2983 802 3036 adimit
831 2983 1055 3038 Veneris
1088 2985 1343 3039 damnosa
1372 2987 1642 3057 voluptas:

392 3070 499 3105 non
531 3053 662 3106 solet
692 3054 746 3106 in
777 3064 1004 3108 maestos
1034 3056 1124 3108 illa
1155 3057 1331 3110 venire
1363 3066 1519 3110 toros,

237 3138 290 3178 35
322 3123 466 3175 unda
493 3124 746 3193 locusque
776 3136 969 3179 nocent
998 3135 1073 3190 et,
1105 3145 1264 3181 causa
1295 3128 1552 3181 valentior
1579 3128 1710 3191 istis,

392 3194 627 3247 anxietas
659 3195 842 3257 animi,
874 3214 1010 3264 quae
1041 3197 1170 3249 mihi
1200 3217 1408 3268 semper
1438 3199 1602 3252 adest.

319 3263 457 3317 hanc
486 3265 592 3317 nisiv
617 3275 675 3317 tu
703 3266 900 3334 pariter
930 3267 1086 3319 simili
1116 3286 1236 3320 cum
1267 3269 1427 3322 fratre
1455 3270 1676 3331 levareS,

391 3335 480 3386 vix
510 3354 658 3387 mens
687 3336 924 3389 tristitiae
954 3347 1132 3390 nostra
1162 3339 1366 3392 tulisset
1396 3357 1545 3391 onus,

317 3423 411 3459 vos
443 3406 567 3458 est-is
597 3406 764 3459 fracto
795 3407 947 3460 tellus
977 3426 1084 3461 non
1114 3408 1246 3462 dura
1276 3408 1491 3478 phaselo
1501 3430 1516 3472 3

231 3493 288 3532 40
391 3494 655 3545 quamque
685 3486 882 3547 negant
911 3478 1084 3541 multi,
1116 3497 1210 3533 vos
1243 3479 1370 3532 mihi
1400 3480 1546 3535 fertis
1578 3499 1752 3552 opem.
