2158 3906
362 294 434 346 44
916 305 970 347 Ρ.
1005 304 1211 349 OVIDII
1241 303 1510 350 NASONIS

253 426 334 464 255
369 407 523 460 dicite
556 414 635 459 ‘tu
667 406 816 458 nobis
848 406 1043 465 lucem,
1076 405 1310 468 Lucina,
1342 405 1578 458 dedisti’l

441 477 597 530 dicite
631 483 712 529 ‘tu
742 486 863 527 voto
894 475 1229 544 parturientis
1262 477 1433 529 ades’!

368 550 409 600 si
443 567 548 616 qua
579 557 754 599 tamen
785 547 1005 615 gravida
1037 556 1138 608 est,
1170 548 1400 599 resoluto
1432 548 1574 600 crine
1605 557 1866 618 precetur,

440 628 498 670 ut
530 619 698 669 solvat
728 627 909 686 partus
940 617 1164 669 molliter
1193 618 1281 669 illa
1313 636 1451 671 suos·
1483 649 1553 656 —

369 690 485 756 quis
515 688 643 739 mihi
674 705 815 739 nunc
847 687 1009 749 dicet,
1039 705 1202 754 quare
1235 690 1481 741 caelestia
1511 690 1703 742 Martis

255 778 337 816 260
441 778 586 810 arma
616 758 787 810 ferant
819 757 950 810 Salii
979 758 1412 840 Mammiumque
1444 762 1665 812 canant?

367 830 624 898 nympha,
657 847 838 890 mone,
868 829 1069 880 nemori
1102 838 1395 899 stagnoque
1426 841 1640 900 operata
1669 831 1900 895 Dianae,

437 899 698 968 nympha,
730 900 938 951 Numae
970 900 1223 963 coniunx,
1257 902 1323 952 ad
1354 912 1446 953 tua
1476 902 1617 954 facta
1646 903 1783 954 veni.

366 971 516 1021 vallis
549 970 798 1021 Aricinae
831 971 961 1022 silva
990 971 1321 1052 praecinctus
1352 990 1519 1041 opaca

439 1050 517 1093 est
547 1041 717 1102 laem,
750 1041 966 1109 antiqua
994 1041 1267 1111 relligione
1299 1061 1461 1095 sacer.

256 1130 337 1168 265
370 1111 455 1164 hic
485 1112 613 1163 latet
643 1112 968 1181 Hippolytus
999 1112 1150 1164 furiis
1183 1113 1417 1183 direptus
1449 1132 1730 1196 equorum:

439 1183 580 1234 unde
611 1201 796 1234 nemus
827 1183 984 1235 nullis
1013 1184 1142 1235 illud
1175 1185 1348 1236 aditur
1379 1185 1544 1252 equis.

367 1251 487 1304 licia
519 1254 818 1322 dependent
847 1255 1032 1322 longas
1063 1255 1293 1307 velantia
1323 1274 1524 1324 saepeS‚

439 1333 490 1375 et
521 1325 692 1393 posita
724 1334 801 1376 est
832 1326 1048 1377 meritae
1079 1327 1244 1377 multa
1274 1326 1466 1379 tabella
1497 1327 1642 1379 deae.

368 1413 523 1463 saepe
555 1404 739 1463 potens
771 1396 902 1457 voti,
935 1396 1160 1449 frontem
1192 1397 1432 1449 redimita
1464 1398 1685 1460 coroniS‚
1932 1436 1954 1446 f

254 1483 337 1522 270
439 1467 636 1517 femina
665 1467 899 1518 lucentes
931 1477 1103 1535 portat
1135 1467 1203 1519 ab
1233 1468 1364 1520 urbe
1395 1468 1554 1521 faces.

309 1539 312 1541 ’
367 1555 531 1605 regna
563 1546 741 1589 tenent
771 1537 933 1589 fortes
965 1538 1207 1590 manibus
1239 1539 1569 1608 pedibusque
1599 1540 1836 1609 fugaces,

440 1618 491 1658 et
522 1608 656 1675 perit
687 1609 926 1677 exemplo
957 1610 1233 1677 postmodo
1265 1610 1486 1678 quisque
1519 1629 1630 1662 suo.

369 1677 549 1729 defluit
580 1677 779 1730 incerto
811 1679 1078 1748 lapidosus
1110 1699 1377 1732 murmure
1408 1681 1576 1732 rivus·

440 1767 620 1817 saepe,
654 1750 747 1801 sed
778 1750 983 1819 exiguis
1013 1750 1312 1813 haustibus,
1344 1752 1465 1803 inde
1496 1752 1622 1803 bibi.

253 1836 334 1874 275
367 1818 564 1888 Egeria
595 1830 695 1882 est,
728 1838 863 1887 quae
864 1795 1155 1902 t>praebet
1141 1839 1329 1888 aquaS,
1362 1822 1461 1875 dea
1491 1833 1643 1891 giata
1675 1821 1946 1875 Camenis.

437 1890 527 1941 illa
556 1860 764 1942 Nuniae
796 1892 1025 1943 coniunx
1056 1893 1434 1960 consiliumque
1466 1893 1582 1944 fuit.

365 1960 622 2030 principio
652 1962 873 2012 nimium
903 1972 1173 2032 promptos
1205 1964 1272 2015 ad
1305 1963 1441 2016 bella
1471 1963 1693 2030 Quilitis

437 2031 625 2082 molliri
656 2033 895 2100 placuit
882 2052 994 2085 lure
1025 2034 1288 2102 deumque
1318 2044 1479 2087 metu.

365 2102 487 2154 inde
520 2102 671 2154 datae
701 2104 869 2172 lege-5,
905 2123 972 2156 ne
1003 2105 1200 2156 firmior
1229 2106 1405 2157 omnia
1434 2116 1635 2175 posset:

252 2190 335 2229 280
436 2182 725 2242 coeptaque
758 2183 877 2226 sunt
906 2193 1037 2243 pure
1068 2175 1259 2228 tradita
1291 2195 1438 2229 sacra
1469 2177 1584 2229 coli.

367 2243 577 2295 exuitur
607 2244 808 2306 feritas,
842 2246 1104 2314 armisque
1134 2247 1399 2315 potentius
1430 2266 1655 2315 aequum
1689 2258 1784 2312 est,

439 2323 491 2366 et
521 2333 641 2366 cum
674 2315 786 2368 cive
817 2317 981 2385 pudet
1012 2318 1336 2370 conseruisse
1367 2338 1570 2370 manus.

366 2393 524 2452 atque
556 2385 767 2453 aliquis,
800 2388 958 2438 modo
989 2396 1133 2449 trux,
1164 2389 1278 2439 visa
1307 2389 1413 2440 iam
1443 2390 1663 2441 vertitur
1693 2409 1802 2452 ara,

371 2488 375 2492 -
438 2455 664 2523 vinaque
697 2457 785 2508 dat
815 2457 1004 2526 tepidis
1035 2427 1279 2526 farraque
1311 2460 1448 2511 salsa
1477 2460 1625 2512 focis.

252 2543 333 2582 285
367 2543 487 2578 ecce
519 2526 676 2578 deum
707 2527 914 2596 genitor
944 2529 1125 2580 rutilas
1156 2548 1251 2610 per
1279 2530 1461 2582 nubila
1490 2532 1727 2583 flammas

439 2597 639 2666 spargit
670 2608 721 2650 et
752 2598 931 2650 effusis
963 2599 1174 2651 aethera
1205 2600 1365 2652 siccat
1395 2602 1562 2669 aquis.

365 2685 469 2718 non
503 2668 629 2719 alias
660 2668 807 2720 missi
837 2669 1072 2723 cecidere
1103 2671 1472 2738 frequentius
1458 2692 1631 2741 1gnes.

437 2757 529 2791 rex
559 2748 742 2807 pavet,
774 2748 825 2791 et
854 2740 997 2809 volgi
1028 2751 1240 2810 pectola
1271 2752 1436 2794 terror
1466 2743 1641 2796 habet.

366 2809 452 2860 cui
482 2809 626 2861 dea‘
637 2828 705 2862 ne
733 2810 952 2862 nimium
985 2811 1202 2864 terrere!
1235 2813 1432 2881 piabile
1457 2814 1659 2867 fulmen

251 2897 334 2936 290
436 2880 555 2942 est',
590 2880 661 2932 ait
693 2889 767 2933 ‘et
798 2883 939 2933 saevi
970 2883 1236 2935 flectitur
1223 2903 1301 2935 1ra
1331 2884 1489 2936 Iovis,

366 2950 458 3002 sed
488 2960 734 3019 poterunt
763 2952 919 3003 ritum
950 2945 1111 3005 Picus
1142 2954 1465 3022 Faunusque
1494 2955 1675 3024 piandi

372 3022 382 3030 ’
436 3022 665 3084 tradere,
696 3023 922 3075 Romani
953 3043 1147 3076 numen
1178 3034 1460 3093 utrumque
1492 3026 1602 3078 soli.

363 3109 461 3143 nec
493 3092 602 3144 sine
633 3092 686 3143 vi
716 3094 944 3146 tradent.
978 3095 1225 3147 adhibeto
1256 3096 1466 3148 vincula
1496 3095 1697 3165 captis?

437 3171 594 3230 atque
624 3163 719 3225 ita,
752 3181 857 3231 qua
886 3166 1110 3233 possint,
1143 3166 1336 3226 erudit,
1368 3175 1478 3218 arte
1511 3166 1644 3234 capi.

250 3250 331 3288 295
363 3233 513 3285 lucus
545 3234 812 3285 Aventino
845 3235 1058 3287 suberat
1086 3236 1236 3304 niger
1264 3236 1395 3288 ilicis
1426 3236 1631 3298 umbra,

436 3321 540 3371 quo
571 3321 753 3372 posses
784 3304 896 3356 viso
928 3305 1145 3358 dicere‘
1155 3324 1349 3358 numen
1380 3306 1565 3359 ἰηθε1Ῐ’

361 3375 416 3426 in
447 3374 621 3426 medio
652 3393 870 3443 gramen
901 3393 1188 3443 muscoque
1220 3376 1472 3446 adoperta
1500 3376 1691 3430 virenti

433 3445 682 3497 manabat
713 3463 839 3498 saxo
871 3460 1005 3499 vena
1034 3447 1278 3516 perennis
1311 3465 1494 3515 aquae.
