2158 3906
579 343 930 391 FASTORUM
956 341 1079 388 Lm.
1111 343 1195 391 1v.
1226 343 1465 389 579—662.
1667 311 1673 318 ’
1812 328 1878 386 73

170 448 416 518 Occupat
447 446 651 516 Aprilis
682 446 812 499 Idus
844 445 1156 515 cognomine
1187 445 1373 499 Victor
1654 442 1728 487 13.
1765 445 1806 488 G
1833 446 1993 489 EID·

241 517 505 589 Iuppiter:
537 516 638 570 hac
667 517 743 569 illi
775 525 898 569 sunt
928 516 1052 569 data
1081 516 1277 587 templa
1307 516 1408 569 die.
1713 501 1789 545 Ν)
1809 507 1940 541 '‘Vl’'

169 588 269 644 hac
301 604 538 671 quoque,
567 587 623 639 ni
651 586 831 648 fallor,
861 587 1057 656 populo
1089 587 1399 657 dignissima
1428 596 1610 640 nostro

241 667 374 712 atria
403 657 652 711 Libertas
683 658 857 727 coepit
886 657 1081 711 habere
1113 676 1225 711 sua.

167 799 319 855 Luce
351 808 598 854 secutura
627 807 768 852 tutos
797 808 941 869 pete,
972 799 1175 862 navita,
1206 809 1413 870 portus:
1630 797 1706 843 14·
1738 799 1849 843 HN
1864 806 1890 840 1-
1909 806 2001 840 VD!

239 880 428 925 ventus
458 870 526 924 ab
556 887 749 924 occasu
778 869 1036 940 grandine
1066 870 1263 923 mixtus
1295 871 1407 924 erit.
1911 887 1997 926 626

169 941 236 996 sit
264 941 387 996 licet
416 951 469 995 et
497 940 680 995 fueritz
711 949 889 994 tamen
918 940 1018 994 hac
1047 941 1377 995 Mutinensia
1408 939 1609 996 Caesar

238 1011 496 1083 grandine
524 1011 711 1065 militia
740 1011 964 1082 perculit
995 1030 1142 1065 arma
1171 1030 1283 1065 sua.

166 1153 349 1208 Tertia
378 1162 499 1224 post
525 1152 751 1208 Veneris
783 1171 904 1206 cum
933 1152 1027 1204 lux
1059 1154 1343 1206 surrexerit
1370 1154 1518 1216 Idne,
1597 1153 1670 1196 15·
1702 1154 1745 1196 Α
1774 1153 1992 1198 FORD·

238 1225 537 1295 pontifices,
568 1223 721 1276 forda
751 1241 900 1276 sacra
930 1222 1073 1275 litate
1106 1223 1259 1275 bove.
1677 1209 1758 1254 Μ’
1776 1215 1909 1250 LVDI

165 1295 319 1350 forda
348 1294 523 1348 ferens
556 1294 650 1346 bos
681 1302 760 1346 est
789 1292 1150 1360 fecundaque,
1182 1292 1324 1346 dicta
1353 1293 1596 1348 ferendo:
1911 1314 1991 1352 031.

236 1365 361 1419 hinc
391 1364 548 1419 etiam
579 1364 718 1418 fetus
748 1380 941 1417 nomen
972 1362 1167 1417 habere
1197 1373 1401 1433 putant.

128 1504 131 1506 ,
165 1454 307 1491 nunc
373 1435 615 1489 ravidum
645 1452 807 1505 pecus
840 1443 942 1494 est,
974 1434 1226 1503 gravidae
1258 1454 1400 1488 nunc
1432 1436 1630 1490 semine
1661 1447 1848 1492 terrae.

161 1568 165 1575 ¹
237 1506 335 1561 Tel
358 1507 439 1560 uri
467 1506 655 1577 plenae
685 1505 898 1559 victima
927 1504 1085 1575 plena
1114 1504 1285 1558 datur.

140 1587 289 1650 'pars
319 1576 457 1631 cadit
489 1595 608 1631 arce
639 1575 805 1638 Iovis;
837 1586 916 1629 ter
946 1575 1109 1629 denas
1140 1576 1286 1629 curia
1317 1595 1505 1630 vaccas
1911 1597 1998 1636 035

238 1648 427 1732 accipit
457 1657 509 1702 et
537 1648 686 1718 largo
717 1666 900 1718 sparsa
930 1665 1115 1701 cruore
1145 1648 1338 1700 madet.

167 1728 250 1774 ast
277 1719 370 1773 ubi
399 1718 690 1773 visceribus
719 1718 912 1772 vitulos
942 1736 1001 1770 ra
1039 1735 1165 1771 uere
1196 1719 1420 1772 ministri

239 1799 487 1859 sectaque
517 1789 736 1843 fumosis
768 1799 890 1843 exta
921 1788 985 1843 de
1026 1807 1113 1843 ere
1143 1789 1292 1852 focis,
1423 1803 1427 1809 ’

165 1861 290 1933 igne
321 1871 520 1915 cremat
548 1860 764 1924 vitulos,
795 1877 931 1929 quae
963 1870 1090 1913 natu
1119 1860 1376 1922 maxima,
1408 1862 1596 1932 Virg0,

238 1933 355 1986 luce
385 1931 531 1985 Palis
599 1931 783 2002 opulos
813 1940 1005 2001 purget
1034 1940 1093 1984 ut
1122 1932 1209 1985 ille
1241 1931 1388 1985 cinis.
1911 1951 1998 1990 640

165 2021 292 2086 rege
322 2002 523 2066 Numa,
576 2011 730 2055 ructu
757 2019 866 2055 non
895 2002 1244 2084 respondente
1274 2002 1460 2066 labori,

238 2073 395 2126 mrita
424 2073 630 2143 decepti
658 2081 782 2125 vota
811 2073 1030 2126 colenus
1061 2083 1225 2127 erant.

166 2163 291 2197 nam
320 2143 478 2197 modo
508 2143 679 2198 siccus
711 2152 822 2197 erat
851 2143 1039 2213 gelidis
1069 2143 1403 2211 aquilonibus
1435 2164 1624 2209 annus,

237 2233 379 2268 nunc
409 2232 536 2285 ager
565 2214 777 2267 assidua
805 2213 1110 2267 luxuriabat
1140 2232 1294 2282 aqua.

167 2304 324 2356 saepe
357 2282 520 2339 Ceres
549 2285 732 2355 primis
763 2284 1035 2337 dominum
1065 2284 1284 2339 fallebat
1313 2285 1368 2339 in
1398 2285 1594 2350 herbis,
1908 2307 1994 2345 645

239 2367 290 2410 et
318 2355 449 2410 levis
479 2354 694 2409 obsesso
727 2355 900 2408 stabat
929 2374 1099 2409 avena
1129 2356 1258 2418 s010‚

168 2436 220 2481 et
247 2444 410 2498 pecus
440 2435 561 2481 ante
592 2426 730 2479 diem
762 2435 943 2496 partus
975 2427 1165 2479 edebat
1194 2427 1430 2489 acerbo&

237 2515 480 2568 agnaque
508 2497 774 2551 nascendo
805 2516 963 2567 saepe
993 2498 1217 2550 necabat
1247 2516 1419 2552 ovem.

137 2569 298 2622 *silva
325 2578 477 2623 vetus
505 2568 757 2637 nullaque
788 2567 879 2621 diu
909 2568 1104 2621 violata
1134 2569 1307 2622 securi

237 2639 434 2702 stabat,
463 2639 734 2693 Maenalio
765 2657 914 2693 sacra
942 2639 1126 2693 relicta
1155 2640 1271 2694 deo,
1907 2660 1994 2699 650

165 2710 253 2765 ille
283 2710 443 2763 dabat
471 2710 642 2764 tacitis
673 2710 848 2764 animo
878 2728 1132 2780 responsa
1161 2711 1338 2779 quieto

150 2798 159 2802 ’
195 2839 197 2843 Α
235 2781 496 2835 noctibus.
568 2781 654 2834 hic
683 2781 921 2852 geminas
949 2798 1045 2834 rex
1072 2781 1252 2834 Numa
1281 2791 1477 2834 mactat
1506 2800 1649 2837 oves-

165 2851 336 2923 prima
365 2851 502 2905 cadit
533 2851 746 2914 Fauno,
777 2851 883 2904 leni
912 2851 1052 2904 cadit
1081 2851 1246 2905 altera
1277 2851 1500 2906 Somno:

238 2923 485 2976 sternitur
512 2922 568 2975 in
599 2922 731 2975 duro
761 2922 929 2975 vellus
959 2931 1242 2991 utrumque
1272 2923 1399 2975 solo.

166 2993 248 3047 bis
277 3002 436 3064 caput
463 2993 732 3046 intonsum
759 2993 979 3046 fontana
1009 2993 1275 3063 spargitur
1303 2993 1464 3056 unda,
1906 3013 1991 3052 655

237 3064 318 3118 bis
349 3083 446 3118 sua
474 3064 688 3134 faginea
716 3073 954 3134 tempora
982 3063 1168 3117 fronde
1199 3064 1346 3133 tegit.

167 3153 295 3189 usus
325 3135 475 3190 abest
502 3135 727 3190 Veneris
738 3155 751 3197 3
786 3152 885 3188 nec
915 3134 996 3187 fas
1027 3134 1274 3188 animalia
1303 3135 1498 3189 mensis

238 3225 457 3276 ponere3
487 3225 586 3260 nec
616 3206 793 3276 digitis
824 3206 1011 3259 anulus
1040 3206 1181 3259 ullus
1211 3206 1362 3259 inest.

169 3287 313 3331 veste
342 3277 461 3331 rudi
489 3287 657 3331 tectus
689 3296 849 3348 supra
876 3295 1016 3330 nova
1045 3277 1239 3330 vellera
1269 3295 1461 3347 corpus

241 3347 413 3418 ponit,
443 3348 658 3402 adorato
687 3367 783 3418 per
813 3367 910 3401 sua
938 3346 1100 3401 verba
1130 3347 1246 3401 dec.
1904 3367 1991 3406 660

168 3416 371 3472 interea
398 3419 658 3488 placidam
689 3419 929 3472 redimita
957 3436 1220 3488 papavere
1249 3418 1478 3472 frontem

138 3554 151 3564 Β
240 3488 362 3542 Nox
391 3489 534 3542 venit
564 3500 614 3543 et
645 3508 823 3543 secum
854 3490 1057 3543 somnia
1083 3489 1238 3559 nigra
1267 3488 1442 3542 trahit.
