2158 3906
526 350 875 399 FASTORUM
904 351 1025 397 LIB.
1057 350 1140 398 VI.
1173 350 1414 396 517—604.

120 454 333 511 alterius
363 454 565 526 prolem
596 453 782 507 melius
814 452 1130 507 mandabitis
1161 453 1262 507 illi:

192 525 366 580 utilior
395 524 633 588 Bacch0,
666 542 826 593 quam
856 524 956 578 fuit
985 525 1102 595 ipsa
1130 525 1254 578 suis.

121 596 256 650 hanc
286 595 381 650 tibi
412 601 540 666 ‘quo
572 595 874 665 properas?'
907 605 1200 649 memorant
1230 595 1448 658 dixisse,
1479 594 1670 648 Rutili:

192 667 332 722 ‘luce
361 685 480 721 mea
509 666 694 730 Marso
725 666 907 720 consul
940 666 1007 719 ab
1038 666 1188 720 hoste
1220 666 1410 720 cades.’

120 737 290 793 exitus
321 736 543 792 accessit
572 737 771 800 verbis,
802 738 1104 807 flumenque
1135 737 1323 791 Toleni

189 827 514 884 purpureum
545 807 721 861 mixtis
752 808 1008 878 sanguine
1040 809 1191 862 fluxit
1222 807 1389 878 aquis.

118 879 390 952 proximus
422 897 591 933 annus
623 887 755 933 erat:
788 879 1087 933 Pallantide
1119 898 1304 934 caesus
1334 879 1519 933 eadem

190 949 384 1004 Didius
414 949 628 1005 hostiles
659 950 1002 1021 ingeminavit
1031 968 1175 1021 opes.
1206 980 1278 989 —

117 1021 210 1076 lux
242 1021 450 1086 eadem,
482 1021 741 1084 Fortuna,
773 1030 865 1074 tua
895 1031 996 1083 est,
1028 1031 1315 1090 auctorque
1345 1021 1616 1092 locusque.

190 1092 283 1146 sed
315 1092 674 1163 superiniectis
705 1091 823 1161 quis
853 1093 981 1146 latet
1010 1092 1108 1145 iste
1139 1092 1309 1162 togis?

119 1161 338 1219 Servius
369 1172 447 1217 est
458 1183 472 1228 3
504 1173 556 1218 et
588 1172 791 1216 constat
821 1163 983 1216 enim:
1016 1163 1109 1217 sed
1140 1181 1299 1217 causa
1329 1161 1527 1216 latendi

191 1234 452 1305 discrepat
481 1243 534 1288 et
564 1233 784 1286 dubium
815 1252 898 1287 me
930 1251 1142 1302 quoque
1174 1233 1363 1286 mentis
1395 1232 1571 1285 habet.

0 1341 1 1350 κ
44 1338 46 1341 -
118 1305 246 1359 dum
278 1304 377 1358 dea
400 1303 628 1357 ,furtivos
658 1303 839 1357 timide
870 1303 1143 1373 profitetur
1173 1320 1396 1365 amores,

189 1375 572 1444 caelestemque
603 1374 801 1427 homini
832 1373 1179 1427 concubuisse
1209 1373 1375 1444 pudet

117 1445 269 1516 (arsit
299 1445 439 1501 enim
468 1463 663 1499 maotno
694 1455 935 1515 correpta
964 1444 1211 1527 cupidine
1242 1444 1399 1514 regis,

189 1534 450 1586 caecaque
479 1515 534 1569 in
556 1490 664 1569 1lioc
693 1533 800 1569 uno
830 1534 936 1569 non
966 1515 1068 1569 fuit
1097 1515 1187 1569 illa
1218 1515 1372 1584 viro),

118 1597 271 1643 nocte
301 1587 518 1641 domum
547 1605 712 1659 parva
742 1586 893 1640 solita
925 1596 1004 1641 est
1033 1586 1228 1640 intrare
1260 1587 1507 1649 fenestra,

188 1658 328 1713 unde
357 1658 687 1713 Fenestellae
717 1657 931 1714 nomina
960 1668 1112 1741 porta
1142 1668 1300 1711 tenet.

116 1748 258 1785 nunc
286 1729 473 1801 pudet,
504 1738 558 1784 et
586 1730 760 1783 voltus
788 1730 1049 1784 velamine
1080 1729 1214 1783 celat
1245 1740 1466 1791 amatos,

189 1819 386 1871 oraque
416 1810 539 1855 sunt
569 1801 736 1855 multa
764 1801 912 1871 regia
941 1810 1081 1855 tecta
1111 1811 1251 1870 toga.

118 1891 186 1926 an
216 1871 385 1943 magis
417 1881 496 1927 est
524 1890 734 1936 verum,
764 1882 883 1943 post
913 1871 1056 1925 Tulli
1086 1871 1275 1925 funera
1305 1871 1519 1943 plebem

189 1943 462 1997 confusam
528 1943 686 1997 lacidi
715 1953 883 1997 morte
913 1942 1076 1997 fuisse
1107 1943 1270 1997 senis:

116 2032 215 2069 nec
243 2014 433 2068 modus
461 2014 602 2068 ulus
633 2023 767 2078 erat,
800 2014 1068 2068 crescebat
1098 2013 1329 2068 imacrine
1359 2013 1552 2077 luctus,

190 2084 356 2139 donec
386 2103 506 2139 eum
529 2079 720 2156 'positis
751 2086 1028 2139 occuluere
1058 2059 1239 2155 togis?

118 2156 272 2210 tertia
302 2174 463 2211 causa
490 2155 619 2209 mihi
650 2156 819 2226 spatio
850 2156 1047 2210 maiore
1078 2155 1317 2210 canenda
1347 2164 1451 2208 est:

188 2245 284 2280 nos
315 2237 491 2281 tamen
521 2227 776 2281 adductos
805 2227 945 2280 intus
978 2245 1198 2297 agemus
1228 2244 1412 2295 equos.

116 2296 295 2352 Tullia
325 2297 594 2369 coniugi0,
626 2298 834 2352 sceleris
864 2298 1130 2362 mercede,
1161 2307 1375 2368 peracto

187 2368 270 2422 his
300 2369 453 2422 solita
483 2378 559 2423 est
591 2370 741 2422 dictis
773 2369 1083 2423 extimulare
1113 2368 1309 2422 virum:

118 2440 270 2510 ‘quid
299 2439 446 2493 iuvat
476 2458 589 2494 esse
621 2459 797 2510 pares,
828 2451 879 2494 te
910 2450 1119 2493 nostrae
1150 2439 1311 2493 caede
1343 2438 1534 2493 sororis

83 2533 85 2535 “
187 2529 376 2580 meque
406 2510 483 2564 tui
514 2511 715 2574 fratris,
748 2513 791 2564 si
820 2511 909 2582 pia
938 2511 1048 2564 vita
1077 2511 1282 2582 placet?

117 2580 293 2636 vivere
324 2581 616 2637 debuerant
645 2592 697 2636 et
726 2582 807 2635 vir
834 2601 983 2636 meus
1016 2592 1068 2636 et
1097 2591 1189 2635 tua
1219 2581 1465 2644 coniunx,

190 2652 234 2706 si
262 2652 466 2706 nullum
496 2653 675 2707 ausuri
705 2654 875 2707 maius
907 2672 1116 2708 eramus
1146 2671 1296 2724 opus.

118 2732 171 2778 et
200 2733 358 2794 caput
387 2733 440 2778 et
469 2743 694 2795 regnum
723 2724 861 2778 facio
892 2724 1066 2779 dotale
1095 2725 1345 2795 parentis.

189 2794 234 2848 si
263 2795 344 2847 vir
374 2813 453 2858 es,
483 2795 525 2858 i,
558 2794 723 2848 dictas
754 2795 908 2865 exige
939 2795 1075 2848 dotis
1106 2795 1256 2865 opes!

117 2865 265 2937 regia
293 2884 376 2919 res
408 2865 578 2919 scelus
609 2865 710 2918 est!
751 2883 930 2919 socero
961 2884 1091 2935 cape
1120 2884 1286 2936 regna
1314 2873 1502 2919 necato

189 2946 240 2990 et
270 2945 475 2990 nostras
505 2935 675 3006 patrio
706 2937 963 3006 sanguine
992 2936 1175 3006 tingue
1205 2935 1445 2989 manusl'

119 3006 311 3062 talibus
341 3006 616 3061 instinctus
649 3007 778 3060 solio
807 3007 1044 3077 privatus
1073 3007 1128 3060 in
1158 3007 1264 3060 alto

189 3078 412 3132 sederat.
486 3078 766 3131 attonitum
794 3079 983 3148 volgus
1015 3077 1083 3131 ad
1113 3097 1260 3131 arma
1288 3077 1420 3131 ruit:
1630 3142 1636 3147 ⁴

121 3146 241 3202 hinc
271 3167 450 3213 cruor,
479 3148 603 3203 hinc
633 3149 847 3212 caedeS,
877 3149 1447 3218 infirmaque-vincitur
1476 3156 1620 3202 aetas

192 3229 398 3291 sceptra
465 3238 589 3274 ener
620 3239 799 3274 socero
829 3229 981 3291 rapta
1012 3218 1289 3291 Superbus
1319 3219 1497 3273 habet.

22 3336 26 3340 ,
102 3288 234 3364 (ipse
263 3290 363 3344 sub
444 3291 669 3361 squiliis,
700 3291 792 3345 ubi
823 3301 933 3345 erat
963 3310 1061 3344 sua
1089 3310 1145 3345 re
1187 3291 1261 3355 ‘a,
1293 3309 1480 3345 caesus

195 3361 420 3415 concidit
447 3361 504 3415 in
533 3362 666 3417 dura
696 3362 1135 3433 sanguinulentus
1203 3381 1345 3417 umo.

122 3429 231 3484 filia
259 3441 506 3502 carpento
536 3434 733 3503 patrios
760 3434 955 3487 initura
983 3433 1215 3488 Penates

195 3501 306 3555 ibat
334 3521 428 3574 per
457 3504 656 3558 medias
688 3506 793 3558 alta
823 3505 1079 3576 feroxque
1110 3504 1237 3559 vias.

1727 341 1825 393 111

1858 755 1944 795 565

1860 1109 1949 1148 570

1858 1463 1945 1502 575

1860 1817 1948 1856 580

1858 2170 1946 2211 585

1859 2526 1948 2566 590

1861 2880 1946 2921 595

1863 3235 1951 3275 600
