2158 3906
476 324 790 385 'rms'rmM
818 324 939 370 Lm.
973 324 1056 371 1v.
1089 324 1171 382 v1‚
1203 322 1449 382 27-v111,
1481 324 1550 369 34.

162 428 295 485 haec
325 444 426 498 ego
457 435 649 481 cuncta
678 426 849 497 prius,
881 444 1042 495 quam
1071 435 1147 490 te,
1179 425 1471 489 carissime,
1503 424 1715 480 credam

234 506 495 553 mutatum
526 515 707 552 curam
737 497 1043 568 deposuisse
1073 498 1193 552 mei.

162 568 424 624 innumeri
453 577 658 622 montes
687 568 822 622 inter
851 587 936 621 me
968 578 1149 637 teque,
1180 569 1403 637 viaeque

234 640 558 709 fluminaque
588 648 641 693 et
671 639 847 710 campi
875 657 973 693 nec
1004 639 1139 693 freta
1168 657 1340 710 pauca
1370 639 1556 692 iacent.

162 711 306 766 mille
334 719 508 782 potest
539 710 736 773 causis,
769 730 800 763 a
830 718 882 764 te
912 728 1049 779 quae
1080 711 1254 764 littera
1283 728 1440 780 saepe

233 782 395 836 missa
425 780 514 845 sit,
544 781 599 834 in
628 789 835 834 nostras
865 781 1011 834 nulla
1041 781 1219 835 venire
1249 799 1451 833 manus.

162 852 303 907 mille
332 860 510 906 tamen
541 870 728 906 causas
760 851 1036 906 scribendo
1068 853 1220 906 vince
1249 851 1568 921 frequenter,

234 941 483 978 excusem
511 941 578 977 ne
609 931 660 978 te
691 941 923 993 semper,
954 922 1145 986 amice,
1177 922 1326 975 mihi!

935 1036 1093 1091 VIII.

162 1135 279 1189 Iam
310 1153 430 1190 mea
459 1152 684 1207 cycneas
713 1135 985 1189 imitantur
1014 1145 1253 1206 tempora
1282 1136 1508 1206 plumas,

231 1206 396 1260 inficit
426 1214 478 1260 et
507 1206 685 1277 nigras
716 1206 837 1260 alba
867 1215 1077 1260 senecta
1108 1224 1301 1259 comas.

160 1277 267 1331 iam
300 1277 529 1331 subeunt
559 1277 681 1330 anni
711 1276 924 1348 fragiles
955 1286 1008 1330 et
1037 1276 1252 1330 inertior
1282 1286 1442 1339 aetas,

230 1349 442 1418 iamque
471 1367 659 1420 parum
688 1347 838 1400 firmo
869 1366 954 1402 me
984 1346 1112 1400 mihi
1143 1347 1280 1400 ferre
1309 1365 1473 1417 grave
1503 1355 1598 1402 est.

159 1437 302 1473 nunc
333 1427 469 1483 erat,
501 1427 558 1472 ut
589 1419 774 1489 posito·
792 1418 1040 1473 deberem
1069 1417 1173 1471 fine
1204 1417 1446 1471 laborum

232 1490 410 1544 vivere
439 1508 524 1544 me
555 1490 699 1542 nullo
731 1489 1041 1542 sollicitante
1072 1497 1234 1551 metu,

156 1578 403 1631 quaeque
433 1579 582 1615 meae
613 1578 821 1630 semper
851 1560 1163 1630 placuerunt
1193 1559 1300 1613 otia
1330 1560 1492 1614 menti

231 1649 446 1702 carpere
478 1639 530 1684 et
558 1631 612 1683 in
643 1629 830 1684 studiis
860 1630 1086 1684 molliter
1116 1648 1231 1685 esse
1260 1630 1409 1692 meis,

155 1711 214 1757 et
241 1721 460 1774 parvam
490 1701 757 1756 celebrare
787 1701 1003 1754 domum
1033 1711 1343 1770 veteresque
1374 1701 1605 1756 Penates

231 1782 308 1837 et,
345 1790 482 1842 quae
512 1791 654 1826 nunc
685 1772 897 1826 domino
927 1792 1051 1826 rura
1080 1786 1301 1843 paterna
1332 1783 1526 1835 carent,

156 1843 318 1914 inque
348 1844 469 1898 sinu
497 1843 742 1898 dominae
773 1844 1012 1913 carisque
1045 1843 1312 1897 sodalibus
1343 1844 1502 1913 inque

231 1933 446 1969 securus
464 1915 647 1986 ‘patria
677 1915 1014 1969 consenuisse
1044 1934 1179 1969 mea.

157 1985 292 2041 haec
320 2005 441 2041 mea
469 1986 546 2041 sic
574 1986 844 2055 quondam
874 1986 1057 2057 peragi
1089 1997 1389 2057 speraverat
1420 1996 1589 2040 aetas:

229 2056 327 2111 hos
358 2074 458 2128 ego
490 2057 565 2111 sic
596 2075 761 2110 annos
790 2075 985 2128 ponere
1017 2057 1209 2128 dignus
1241 2076 1402 2110 eram.

108 2170 117 2175 -
154 2145 265 2182 non
292 2128 368 2181 ita
397 2127 478 2182 dis
507 2128 681 2182 visum
711 2137 815 2192 est,
847 2128 938 2198 qui
967 2146 1052 2182 me
1083 2137 1327 2197 terraque
1357 2127 1596 2197 marique

230 2208 407 2253 actum
438 2197 744 2254 Sarmaticis
776 2217 1065 2270 exposuere
1095 2199 1240 2252 locis.

156 2271 213 2324 in
243 2288 375 2324 cava
405 2269 672 2324 ducuntur
700 2288 924 2340 quassae
954 2270 1164 2324 navalia
1193 2289 1417 2341 puppeS,

228 2359 296 2396 ne
326 2350 521 2396 temere
549 2341 606 2395 in
634 2341 821 2395 mediis
853 2341 1204 2395 destituantur
1234 2341 1410 2410 aquis:

154 2430 225 2467 ne
255 2412 409 2470 cadat
438 2421 492 2468 et
518 2413 711 2466 multas
740 2413 944 2495 palmas
974 2411 1269 2466 inhonestet
1301 2412 1537 2482 adeptae,

125 2543 127 2545 .
228 2481 511 2555 lang'uidus
541 2483 596 2536 in
626 2493 790 2554 prat1s
819 2483 1061 2555 gramina
1091 2483 1257 2566 carpit
1287 2501 1480 2552 equus:

156 2554 306 2609 miles
336 2563 396 2608 ut
425 2555 654 2609 emeritis
684 2573 791 2608 non
821 2564 901 2609 est
932 2554 1056 2609 satis
1086 2555 1229 2608 utihs
1261 2555 1428 2617 annis,

228 2625 377 2696 ponit
406 2625 475 2679 ad
504 2626 774 2695 antiquos,
805 2644 942 2696 quae
971 2626 1114 2690 tulit,
1146 2645 1293 2679 arma
1321 2625 1509 2679 Lares.

156 2696 234 2750 sic
261 2696 447 2768 igitur,
477 2697 629 2750 tarda
657 2697 794 2751 vires
824 2697 1094 2750 minuente
1125 2706 1354 2760 senecta,

229 2785 314 2821 me
344 2784 556 2836 quoque
587 2767 774 2821 donari
802 2768 908 2821 iam
937 2768 1068 2822 rude
1098 2777 1307 2838 tempus
1339 2778 1467 2822 erat.

154 2845 366 2909 tempus
396 2847 507 2892 erat
535 2857 634 2892 nec
663 2857 747 2892 me
777 2839 1116 2909 peregrinum
1146 2839 1338 2892 ducere
1370 2840 1591 2901 caelum,

227 2927 326 2964 nec
357 2908 551 2962 siccam
583 2907 774 2963 Getico
804 2909 949 2963 font-e
979 2909 1155 2963 levare
1187 2909 1348 2962 sitim:

155 2979 254 3033 sed
279 2979 464 3043 mode,
494 2997 628 3048 quos
657 2979 845 3043 habui,
876 2999 1105 3033 vacuum
1135 2980 1380 3034 secedere
1410 2980 1465 3032 in
1496 2979 1693 3042 hortos,

229 3068 371 3104 nunc
400 3050 675 3104 hominum
703 3050 822 3104 visu
851 3070 1031 3104 rursus
1063 3060 1116 3105 et
1143 3050 1276 3104 urbe
1306 3050 1428 3103 frui.

156 3121 235 3174 sic
264 3121 440 3174 animo
470 3122 739 3191 quondam
768 3139 874 3175 non
905 3121 1173 3176 divinante
1202 3121 1384 3175 futura

171 3215 178 3222 ·
230 3193 476 3262 optabam
508 3193 713 3263 placide
743 3192 921 3248 vivere
950 3211 1106 3264 posse
1137 3211 1316 3246 senex.

156 3261 272 3316 fata
298 3273 684 3347 repugnarunt,
716 3282 853 3333 quae
883 3283 1005 3318 cum
1033 3263 1163 3317 mihi
1192 3273 1432 3334 tempora
1460 3263 1632 3335 prima

232 3333 410 3387 molha
437 3335 800 3405 praebuerint,
830 3335 1120 3407 posteriora
1148 3344 1389 3406 gravant.

159 3401 373 3473 iamque
403 3405 586 3460 decem
615 3406 792 3460 lustris
823 3406 966 3460 omni
996 3406 1109 3461 sine
1136 3406 1256 3460 labe
1286 3406 1529 3478 peractis,

231 3483 382 3544 parte
411 3494 620 3545 premor
648 3477 787 3532 vitae
819 3478 1074 3533 deteriore
1106 3496 1272 3541 meae,

249 3555 358 3592 otides
369 3558 432 3593 «201.
447 3558 515 3593 III.
1530 3560 1585 3604 12

1770 314 1872 367 177

1904 515 1958 554 20

1904 869 1957 907 25

1906 1790 1957 1829 10

1902 2145 1955 2183 15

1901 2500 1954 2539 20

1900 2855 1951 2894 25

1899 3210 1954 3249 30
