2158 3906
535 335 883 384 FASTORUM
914 337 1034 381 LlB.
1067 338 1149 383 VI.
1182 338 1420 384 342-429.

199 438 436 511 Iuppiter
466 447 518 492 et
548 457 722 502 sacr0,
754 438 882 508 quid
914 439 1064 501 velit,
1096 458 1184 493 ore
1217 440 1393 494 docet:

127 511 353 594 ‘surgite
384 509 522 566 etin
551 510 752 563 medios
782 509 848 562 de
879 511 1096 563 summis
1129 511 1337 564 arcibus
1368 510 1545 565 hostes

199 581 411 644 mittite,
442 598 603 649 quam
634 580 847 634 minime
877 581 1082 634 mittere
1115 581 1298 644 vultis,
1329 582 1535 652 opeml'

129 670 345 707 somnus
376 651 508 715 abit,
540 660 907 720 quaeruntque
938 652 1086 704 novis
1118 653 1432 722 ambagibus
1463 653 1583 716 acti,

200 722 405 777 tradere
436 739 595 791 quam
627 722 794 775 nolint
822 732 875 775 et
904 722 1208 783 iubeantur,
1241 743 1412 794 opem.

126 812 244 849 esse
275 791 438 847 Ceres
470 792 583 846 visa
613 802 706 846 est.
781 792 977 846 iaciunt
1010 792 1249 847 Cerealia
1280 795 1440 848 dona:

199 865 337 918 iacta
366 882 524 935 super
553 865 731 934 galeas
763 873 1016 932 scutaque
1047 865 1207 935 longa
1237 877 1439 918 sonant.

127 953 282 1007 posse
312 934 452 989 fame
482 934 622 988 vinci
653 954 772 1005 spes
803 935 1012 989 excidit.
1087 936 1236 989 hoste
1267 937 1478 1006 repulso

200 1005 424 1060 candida
453 1005 648 1059 Pistori
678 1006 888 1076 ponitur
918 1026 1009 1059 ara
1040 1007 1171 1059 Iovi.
1202 1037 1274 1045 —

58 1125 71 1136 ,
125 1077 264 1131 forte
294 1077 596 1130 revertebar
625 1077 772 1130 festis
804 1078 1109 1131 Vestalibus
1140 1078 1247 1140 illa,

200 1166 306 1216 qua
334 1147 488 1202 Nova
517 1147 756 1200 Romano
787 1166 927 1200 nunc
958 1148 1043 1200 via
1073 1149 1250 1201 iuncta
1280 1149 1394 1201 foro
1425 1158 1521 1202 est.

9 1241 11 1248 ⁴
53 1215 77 1266 Ῑ.ἶ
126 1217 232 1272 huc
261 1217 395 1288 pede
425 1227 718 1273 matronam
749 1218 857 1270 vidi
887 1218 1204 1272 descendere
1235 1220 1399 1271 nudo:

200 1287 451 1358 obstipui,
482 1289 671 1341 tacitus
703 1289 1030 1356 sustinuique
1060 1289 1301 1358 gradum.

123 1359 291 1414 sensit
319 1377 451 1413 anus
483 1357 656 1412 vicina
685 1359 810 1420 loci,
841 1359 1149 1428 iussumque
1180 1359 1361 1412 sedere

200 1429 481 1499 alloquitur
509 1429 752 1498 quatiens
782 1447 911 1483 voce
942 1439 1195 1484 tremente
1226 1443 1407 1500 caput:

10 1502 11 1540 ἓ
42 1527 44 1530 ’
125 1499 276 1563 ‘hoc,
306 1500 398 1553 ubi
426 1518 569 1553 nunc
598 1500 714 1553 fora
743 1510 888 1563 sunt,
920 1500 1055 1554 udae
1086 1510 1300 1555 tenuere
1333 1500 1576 1571 paludes3

200 1589 352 1626 amne
382 1570 686 1625 redundatis
716 1570 859 1625 fossa
890 1571 1137 1625 madebat
1168 1572 1335 1641 aquis.

125 1641 346 1697 Curtius
374 1642 461 1696 ille
491 1642 661 1706 lacus,
692 1642 856 1696 siccas
887 1643 977 1711 qui
1008 1642 1230 1697 sustinet
1259 1661 1394 1703 aras,

198 1730 338 1768 nuno
367 1713 535 1766 solida
563 1722 642 1766 est
673 1713 854 1774 tellus,
887 1714 979 1767 sed
1010 1714 1154 1767 lacus
1186 1725 1307 1768 ante
1339 1714 1452 1766 fuit.

123 1803 234 1854 qua
262 1784 496 1842 Velabra
525 1785 693 1838 solent
721 1784 775 1837 in
807 1782 1024 1838 Circum
1055 1785 1247 1839 ducere
1278 1803 1517 1855 pompas,

198 1856 271 1909 nil
300 1866 508 1926 praeter
538 1855 722 1910 salices
753 1874 1006 1924 cassaque
1037 1875 1206 1909 canna
1236 1856 1352 1909 fuit.

124 1945 286 1997 saepe
316 1925 647 1980 suburbanas
677 1927 884 1980 rediens
915 1927 1138 1980 conviva
1167 1946 1262 2010 per
1292 1926 1460 1979 undas

200 2005 375 2052 cantat
405 2007 457 2051 et
486 1998 554 2050 ad
583 2006 768 2050 nautas
800 1998 944 2051 ebria
974 1998 1138 2052 verba
1167 1998 1306 2051 iacit.

124 2067 364 2121 nondum
394 2068 709 2122 conveniens
739 2068 958 2121 diversis
988 2070 1086 2122 iste
1117 2069 1151 2121 fi
1194 2070 1299 2122 uris

92 2197 94 2199 v
199 2157 392 2192 nomen
422 2139 490 2191 ab
519 2157 703 2192 averso
734 2149 942 2208 ceperat
974 2159 1127 2194 amne
1195 2159 1304 2193 eus,

125 2207 213 2264 hio
245 2227 456 2279 quoque
484 2210 635 2263 lucus
665 2220 777 2263 erat
806 2210 974 2263 iuncis
1005 2221 1056 2264 et
1086 2210 1378 2264 harundine
1410 2211 1625 2274 deusne,

199 2290 252 2333 et
279 2280 414 2351 pede
445 2281 616 2334 velato
646 2298 751 2333 non
782 2281 1025 2334 adeunda
1054 2282 1223 2352 palus.

124 2360 316 2435 stagna
344 2361 672 2405 recesserunt
701 2361 754 2405 et
784 2370 947 2421 aquas
978 2371 1074 2405 sua
1104 2353 1218 2423 ripa
1246 2363 1470 2415 coercet,

199 2439 442 2491 siccaque
472 2441 614 2475 nunc
644 2423 821 2475 tellus:
854 2441 966 2476 mos
998 2434 1174 2477 tamen
1203 2423 1289 2476 ille
1322 2424 1533 2476 manet.'

125 2493 425 2548 reddiderat
454 2511 684 2546 causam.
760 2494 987 2556 ‘valeaS,
1021 2514 1151 2547 anus
1182 2494 1424 2564 optimal'
1458 2494 1591 2546 dixi:

201 2563 366 2633 ‘quod
395 2574 634 2635 superest
663 2565 802 2627 aevi,
835 2566 990 2619 molle
1021 2566 1086 2618 sit
1115 2584 1294 2627 omne,
1326 2565 1434 2617 tui.’
1466 2595 1538 2602 -—

125 2645 302 2690 cetera
328 2635 432 2688 iam
463 2635 666 2705 pridem
697 2635 855 2689 didici
885 2637 1173 2706 puerilibus
1205 2637 1372 2698 annis,

197 2725 304 2760 non
333 2715 510 2761 tamen
538 2706 732 2759 idcirco
764 2708 1144 2776 praetereunda
1175 2707 1317 2759 mihi.

127 2777 336 2831 moenia
365 2776 700 2830 Dardanides
729 2797 898 2847 nuper
926 2797 1065 2831 nova
1094 2778 1290 2832 fecerat
1324 2779 1456 2841 llus3

199 2849 310 2901 Ilus
341 2847 514 2901 adhuc
544 2847 707 2901 Asiae
738 2847 884 2901 dives
915 2849 1145 2902 habebat
1174 2867 1324 2918 opes:

127 2919 356 2973 creditur
387 2917 662 2972 armiferae
693 2919 900 2988 signum
934 2921 1157 2972 caeleste
1188 2920 1465 2972 Minervae

199 2990 344 3043 urbis
374 2988 428 3041 in
459 2989 651 3042 Iliacae
683 2989 953 3042 desiluisse
983 2991 1124 3060 iuga.

127 3077 256 3113 eura
286 3060 463 3115 videre
493 3059 616 3112 fuit:
649 3060 757 3112 vidi
788 3062 1146 3130 templumque
1177 3061 1475 3129 locumque.

201 3131 301 3185 hoc
331 3141 567 3202 superest
595 3131 691 3183 illi:
730 3131 954 3184 Pallada
986 3132 1156 3184 Roma
1186 3142 1343 3185 tenet.

130 3202 419 3255 consulitur
450 3200 778 3264 Smintheus,
810 3204 1033 3271 lucoque
1064 3204 1317 3256 obscurus
1350 3221 1516 3273 opaco

87 3274 121 3286 “’
201 3272 297 3326 ho's
326 3291 431 3326 non
461 3273 676 3326 mentito
706 3274 932 3326 reddidit
961 3292 1049 3327 ore
1081 3292 1263 3326 sonos:

130 3343 440 3397 ‘aetheriam
471 3353 673 3398 servate
704 3344 879 3397 deam:
914 3345 1186 3398 servabitis
1218 3344 1421 3397 urbem.

203 3413 478 3486 imperium
510 3433 687 3468 secum
719 3416 997 3469 transferet
1026 3416 1115 3469 illa
1144 3416 1279 3468 loci.'

134 3493 307 3538 servat
335 3493 386 3538 et
414 3485 667 3539 inclusam
700 3505 906 3539 summa
935 3496 1076 3540 tenet
1110 3487 1217 3539 Ilus
1249 3487 1301 3538 in
1334 3505 1470 3548 arco,

1736 328 1837 380 107

1868 739 1953 779 390

1869 1092 1953 1132 395

1867 1447 1954 1485 400

1867 1801 1950 1839 405

1864 2157 1951 2195 410

1861 2512 1947 2549 415

1864 2866 1950 2905 420

1864 3220 1949 3258 425
