2158 3906
517 306 865 354 FASTORUM
893 307 1015 352 LIB.
1047 307 1110 353 11.
1141 307 1354 353 82-166.
1721 297 1787 350 21

86 409 215 484 quid
244 409 386 464 volui
417 409 632 462 demens
665 409 826 479 elegis
856 409 1126 480 imponere
1158 418 1362 462 tantum
1821 423 1910 467 '125

156 480 436 553 ponderis?
465 479 611 532 heroi
640 498 724 533 res
754 489 865 533 erat
893 480 995 533 ista
1023 480 1190 551 pedis.

21 606 23 610 .
86 561 264 608 sancte
331 560 443 604 ater
469 549 696 621 patriae,
728 550 824 602 tibi
853 551 1026 621 plebs,
1056 550 1152 604 tibi
1182 549 1327 605 curia
1355 568 1549 605 nomen

155 622 256 676 hoc
285 570 452 685 d'edin
483 620 584 673 hoc
615 620 854 674 dedimus
884 640 980 674 nos
1010 622 1105 674 tibi
1134 639 1351 684 nomen,
1382 639 1560 690 eques.

83 709 168 748 res
197 701 374 746 tamen
404 700 525 745 ante
556 691 714 744 dedit.
790 711 905 745 sero
936 710 1147 762 quoque
1178 711 1304 746 vera
1332 692 1498 746 tulisti

21 763 24 769 ’
153 763 390 817 nomina:
421 763 526 816 iam
557 762 761 832 pridem
790 771 848 815 tu
877 773 1028 833 pater
1057 763 1197 816 orbis
1228 782 1360 817 eras.
1823 782 1909 821 130

26 890 27 896 ,
82 833 184 888 hoc
213 842 271 887 tu
300 852 395 905 per
423 842 612 896 terras,
646 833 789 901 quod
817 833 873 886 in
905 834 1115 888 aethere
1145 834 1385 904 Iuppiter
1414 834 1538 899 alt0,

153 923 345 958 nomen
376 904 561 957 habes:
593 904 865 956 hominum
897 915 954 957 tu
983 914 1157 975 pater,
1188 906 1275 958 ille
1303 905 1479 959 deum.

25 970 28 1016 l
81 974 331 1039 Romule,
363 975 634 1028 concedes,
709 975 836 1028 facit
865 975 951 1028 hic
981 986 1073 1028 tua
1101 994 1297 1046 magna
1326 976 1523 1030 tuendo

26 1093 27 1096 ,
153 1047 384 1099 moenia:
415 1055 473 1098 tu
504 1046 723 1099 dederas
754 1046 1094 1099 transilienda
1123 1047 1309 1100 Remo·

25 1143 27 1170 ε
81 1125 134 1171 te
165 1116 351 1170 Tatius
380 1117 635 1188 parvique
668 1114 837 1170 Cures
869 1116 1212 1187 Caeninaque
1243 1117 1427 1170 sensit:
1821 1136 1904 1175 135

26 1184 27 1192 ’
152 1187 253 1241 hoc
284 1188 416 1240 duce
445 1187 748 1240 Romanum
779 1196 857 1240 est
887 1188 1009 1240 solis
1040 1197 1323 1255 utrumque
1353 1189 1507 1241 latus.

80 1265 141 1311 tu
169 1257 328 1311 breve
358 1257 534 1310 nescio
565 1257 694 1325 quid
723 1256 892 1310 victae
923 1257 1122 1310 telluris
1154 1257 1411 1310 habebas:

153 1328 521 1398 quodcumque
553 1336 630 1381 est
661 1327 766 1379 alto
798 1327 898 1379 sub
927 1327 1081 1391 Iove,
1114 1325 1315 1380 Caesar
1344 1327 1520 1381 habet.

79 1406 139 1453 tu
167 1398 330 1469 rapis,
361 1397 447 1451 hic
478 1406 648 1451 castas
680 1397 814 1450 duce
846 1416 901 1451 se
930 1398 1078 1450 iubet
1108 1416 1222 1451 esse
1253 1397 1484 1451 maritas.

26 1523 27 1526 ,
150 1478 210 1523 tu
236 1468 425 1539 recipis
455 1468 602 1532 lucc,
631 1468 862 1538 reppulit
890 1468 978 1522 ille
1009 1468 1176 1522 nefas.
1823 1490 1904 1530 140

79 1539 160 1594 vis
189 1539 284 1594 tibi
311 1547 464 1611 grata
492 1539 618 1592 fuit:
648 1539 835 1592 florent
866 1539 965 1592 sub
998 1538 1227 1593 Caesare
1258 1539 1420 1610 leges.

25 1662 27 1678 ,
149 1619 208 1665 tu
238 1610 434 1664 domini
462 1628 678 1673 nomen,
708 1610 959 1681 principis
988 1610 1075 1664 ille
1106 1620 1263 1664 tenet.

26 1683 27 1687 ’
78 1688 132 1736 te
160 1682 359 1736 Remus
388 1681 617 1735 incusat:
652 1681 860 1734 veniam
893 1682 1038 1735 dedit
1067 1681 1307 1735 hostibus
1337 1682 1440 1736 ille.

25 1742 27 1760 ¹
151 1752 429 1808 caelestem
459 1751 584 1806 fecit
614 1760 666 1807 te
735 1762 869 1815 ater,
901 1753 988 1807 ille
1015 1762 1238 1823 patrem.
1267 1783 1340 1792 —

77 1820 184 1878 iam
213 1842 346 1894 puer
376 1823 569 1877 Idaeus
599 1842 683 1878 me
723 1823 774 1876 ia
805 1833 958 1877 tenus
990 1824 1184 1878 eminet
1215 1824 1334 1877 alvo
1820 1845 1901 1883 145

25 1960 27 1966 ‚
151 1904 203 1948 et
231 1893 458 1964 liquidas
487 1894 653 1948 mixto
682 1903 895 1948 nectare
925 1895 1101 1948 fundit
1131 1913 1312 1963 aquas.

25 1968 27 1972 ’
79 1971 152 2020 οιί-
177 1965 360 2029 etiam,
392 1965 436 2018 si
465 1965 584 2035 quis
614 1965 813 2019 borean
842 1965 1054 2020 horrere
1086 1966 1306 2029 solebat,

148 2036 403 2107 gaudeat3
435 2055 467 2090 a
495 2035 742 2108 zephyris
770 2037 978 2090 mollior
1007 2057 1136 2090 aura
1166 2037 1324 2090 venit.
1818 2058 1902 2098 148

75 2175 309 2246 Quintus
337 2178 405 2231 ab
429 2178 702 2247 aequoreis
723 2178 949 2231 nitidum
973 2179 1127 2231 iubar
1153 2179 1339 2232 extulit
1362 2179 1518 2233 undis
1541 2177 1587 2222 6'·
1610 2179 1718 2222 EN
1743 2179 1783 2222 7·
1806 2181 1909 2223 FN

147 2248 392 2312 Lucifer,
424 2258 474 2302 et
504 2249 659 2318 primi
689 2258 927 2319 tempora
955 2250 1093 2303 veris
1125 2260 1251 2303 eunt
1526 2234 1570 2279 8·
1597 2237 1702 2335 Glff
1720 2236 1840 2337 {15²
1851 2238 1905 2280 Ν

75 2316 166 2388 (ne
195 2319 378 2373 fallare
408 2328 608 2373 tamen:
640 2328 840 2373 restant
869 2320 964 2373 tibi
994 2320 1216 2391 frigora,
1248 2321 1497 2391 restantl)
1679 2326 1688 2336 ”

148 2395 446 2461 magnaque
478 2390 753 2444 discedens
783 2391 935 2461 signa
965 2392 1177 2460 reliquit
1208 2392 1392 2444 hiems,

73 2528 254 2585 Tertia
282 2550 388 2585 nox
418 2532 616 2586 veniat:
650 2530 942 2586 Custodem
974 2533 1214 2603 protinus
1244 2532 1420 2587 Ursae
1473 2533 1542 2576 11·
1564 2534 1671 2577 ΒΝ
1704 2534 1779 2577 12·
1805 2536 1907 2578 CN

147 2603 366 2674 aspicies
396 2603 636 2674 geminos
668 2605 933 2658 exeruisse
963 2605 1141 2674 pedeS.

74 2671 208 2726 inter
237 2674 642 2744 Hamadryadas
672 2675 1134 2744 iaculatricemque
1164 2675 1399 2729 Dianam
1816 2696 1898 2734 155

147 2741 367 2797 Callisto
400 2745 533 2798 sacri
563 2764 684 2815 pars
716 2746 817 2798 fuit
846 2765 953 2798 una
982 2746 1143 2799 chori.

73 2813 162 2867 illa
191 2814 320 2868 deae
351 2824 573 2886 tangens
605 2834 756 2868 arcus
789 2822 947 2884 ‘quos
978 2817 1243 2886 tangimus
1276 2836 1446 2881 arcuS,

144 2895 251 2938 este
280 2905 429 2939 meae
459 2895 618 2939 testes
649 2886 986 2956 virginitatis’
1020 2889 1107 2939 ait.

74 2953 306 3026 Cynthia
336 2957 571 3009 laudavit
601 2958 1013 3027 ‘promissa'que
1045 2958 1285 3011 ‘foedera
1316 2978 1486 3023 serva,

144 3036 196 3080 et
226 3027 475 3080 comitum
505 3027 748 3098 princeps
781 3039 838 3081 tu
869 3029 1022 3080 mihi’
1055 3029 1186 3081 dixit
1217 3029 1377 3082 ‘eris'
1814 3048 1898 3088 160

70 3094 286 3151 foedera
315 3108 596 3161 servasset,
629 3099 672 3151 si
702 3118 808 3151 non
838 3100 1069 3152 formosa
1099 3100 1299 3153 fuisset.

143 3169 280 3222 cavit
307 3170 580 3222 mortales:
613 3170 677 3222 de
710 3171 835 3223 Iove
868 3171 1064 3223 crimen
1095 3170 1271 3224 habet.

73 3238 214 3293 mille
243 3239 381 3293 feras
410 3240 630 3293 Phoebe
662 3241 805 3293 silvis
837 3252 1028 3294 venata
1056 3242 1277 3304 redibat,

144 3318 235 3363 aut
262 3311 380 3380 plus
411 3322 503 3363 aut
531 3312 763 3364 medium
795 3314 902 3364 sole
934 3323 1143 3366 tenente
1175 3313 1330 3366 dicm.

21 3375 28 3435 Ι
73 3386 134 3432 'ut
161 3379 333 3451 tetigit
360 3382 538 3434 lucum
568 3382 758 3449 (densa
787 3384 938 3453 niger
965 3384 1083 3436 ilice
1112 3384 1288 3446 lucus3
1811 3403 1893 3441 165

22 3445 26 3540 J
143 3450 198 3503 in
226 3452 398 3505 medio
429 3453 635 3522 gelidae
666 3454 784 3507 fons
816 3464 927 3507 erat
957 3455 1092 3507 altus
1123 3458 1333 3524 aquae),

22 3550 25 3597 i
