2158 3906
397 309 499 363 190
946 320 1000 363 Ρ.
1034 319 1240 366 OVIDII
1270 317 1542 365 NASONIS

395 442 501 475 non
532 422 682 484 mihi,
713 422 804 490 qui
834 438 1059 491 poenam
1090 421 1258 474 fateor
1287 421 1566 483 meruisse,
1599 421 1692 475 sed
1719 422 1796 475 illi

468 493 686 562 parcite,
717 509 853 559 quae
883 492 1027 544 nullo
1060 492 1221 562 digna
1251 492 1429 545 dolore
1460 491 1621 545 dolet!

1200 606 1299 659 VI.

396 705 482 755 Tu
513 722 749 772 quoque,
780 713 1078 756 nostrarum
1108 703 1375 772 quondam
1406 702 1599 756 fiducia
1627 722 1827 768 rerum,

468 775 558 843 qui
589 774 718 826 mihi
749 775 1083 845 confugium,
1116 776 1206 844 qui
1235 775 1364 826 mihi
1395 782 1577 843 portus
1609 793 1741 838 eras,

396 854 453 897 tu
485 863 695 913 quoque
726 846 955 915 suscepti
986 864 1166 898 curam
1198 845 1415 897 dimittis
1447 844 1618 908 amici,

472 916 737 985 officiique
767 917 914 986 pium
944 926 1053 968 tam
1085 917 1187 969 cito
1218 916 1367 986 ponis
1398 916 1563 968 onus?

313 1006 337 1044 5
399 988 603 1040 sarcina
633 1006 774 1050 sum,
805 988 990 1040 fateor.
1065 1005 1225 1055 quam
1256 987 1300 1039 si
1330 996 1389 1038 tu
1418 996 1653 1056 tempore
1683 987 1820 1040 duro

471 1058 803 1127 depositurus
835 1077 975 1121 eras,
1004 1076 1112 1110 non
1142 1057 1419 1111 subeunda
1447 1056 1565 1109 fuit.

398 1129 643 1182 fluctibus
674 1129 728 1182 in
758 1129 945 1182 mediis
974 1148 1188 1192 navem,
1219 1129 1494 1189 Palinure,
1524 1127 1813 1197 relinquis?

469 1219 535 1253 ne
565 1200 717 1269 fuge,
749 1219 882 1257 neve
912 1209 1004 1252 tua
1036 1200 1100 1252 sit
1131 1199 1301 1252 minor
1331 1208 1442 1252 arte
1470 1199 1626 1251 fides!

398 1272 656 1339 numquid
685 1271 955 1324 Achilleos
986 1271 1121 1323 inter
1151 1271 1264 1331 fera
1293 1270 1492 1340 proelia
1520 1270 1613 1322 fidi

317 1361 369 1400 10
472 1342 701 1395 deseruit
730 1342 915 1396 levitas
946 1342 1353 1395 Automedontis
1385 1341 1582 1409 equos?

400 1431 557 1481 quem
590 1414 749 1466 semel
781 1413 1010 1482 excepit,
1042 1413 1300 1482 numquid
1330 1411 1629 1465 Podalirius
1661 1429 1825 1482 aegro

470 1484 781 1552 promissam
810 1485 1045 1538 medicae
1074 1502 1181 1536 non
1211 1484 1328 1536 tulit
1360 1483 1483 1536 artis
1515 1483 1699 1552 opem?

400 1555 603 1623 turpius
635 1555 841 1617 eicitur,
873 1573 1035 1623 quam
1063 1573 1171 1607 non
1201 1554 1514 1616 admittitur,
1546 1554 1755 1623 hospes,

470 1644 605 1694 quae
635 1626 807 1695 patuit
838 1626 1075 1687 dextrae,
1106 1626 1258 1678 firma
1289 1625 1355 1678 sit
1385 1644 1498 1688 ara,
1530 1643 1696 1677 meae.

317 1715 368 1754 15
399 1696 474 1748 nil
503 1696 604 1749 nisi
633 1716 718 1750 me
750 1696 919 1750 solum
948 1698 1116 1766 primo
1147 1705 1348 1749 tutatus
1380 1715 1452 1749 es.
1526 1704 1579 1748 at
1608 1712 1749 1747 nunc

471 1786 555 1819 me
584 1767 779 1836 pariter
810 1787 961 1820 serva
990 1767 1348 1835 iudiciumque
1378 1775 1553 1819 tuum:

402 1838 445 1890 si
476 1839 632 1890 modo
662 1856 768 1890 non
799 1839 975 1906 aliqua
1006 1847 1085 1890 est
1113 1839 1168 1890 in
1198 1856 1282 1890 me
1313 1856 1454 1890 nova
1483 1837 1662 1906 culpa,
1692 1845 1950 1905 tuamque

472 1917 741 1962 mutarunt
773 1909 946 1961 subito
978 1909 1197 1961 crimina
1224 1917 1404 1961 nostra
1432 1906 1607 1960 fidem.

402 1980 613 2049 spiritus
643 1979 752 2042 hie,
786 1979 1037 2048 Scythica
1067 1998 1224 2048 quem
1254 1997 1361 2032 non
1391 1979 1526 2032 bene
1558 1978 1798 2032 ducimus
1829 1996 1982 2040 aura,

316 2069 369 2108 20
472 2051 616 2118 quod
647 2051 826 2119 cupi0,
857 2051 1107 2103 membris
1139 2059 1293 2103 exeat
1322 2055 1454 2103 ante
1474 2050 1621 2111 meiS,

401 2140 561 2190 quarn
590 2131 682 2174 tua
713 2122 902 2175 delicto
934 2121 1257 2191 stringantur
1286 2130 1500 2204 pectora
1528 2130 1725 2184 nostr0,

475 2202 526 2245 et
556 2193 737 2246 videar
766 2193 952 2246 merito
984 2193 1136 2245 vilior
1166 2210 1280 2246 esse
1310 2192 1424 2244 tibi.

399 2281 507 2316 non
538 2263 670 2316 adeo
700 2264 795 2316 toti
824 2263 947 2317 fatis
977 2282 1230 2334 urgemur
1257 2263 1467 2332 iniquiS,

471 2344 530 2386 ut
558 2353 677 2387 mea
707 2334 774 2387 sit
802 2335 972 2404 longis
1004 2353 1152 2388 mens
1182 2352 1393 2402 quoque
1422 2342 1567 2386 mota
1594 2333 1762 2386 malis.

316 2423 368 2461 25
401 2405 541 2472 finge
571 2414 748 2459 tamen
776 2415 885 2457 mot
890 2425 996 2457 1111
1030 2405 1272 2473 quotiens
1301 2406 1706 2474 Agamemnone
1735 2412 1920 2457 natum

474 2460 711 2528 dixisse
696 2496 750 2528 111
780 2476 1023 2545 Pyladen
1054 2476 1215 2529 verba
1246 2485 1492 2545 proterva
1521 2475 1708 2544 putas?

401 2565 498 2599 nec
528 2547 712 2615 procul
743 2566 773 2599 a
804 2565 927 2600 vero
959 2555 1060 2609 est,
1091 2546 1235 2614 quod
1265 2547 1349 2598 vel
1379 2546 1600 2616 pulsarit
1631 2545 1886 2598 amicum:

473 2617 664 2669 mansit
692 2617 747 2668 in
778 2617 964 2670 officiis
995 2636 1100 2669 non
1131 2617 1305 2669 minus
1334 2617 1422 2670 ille
1453 2617 1578 2669 suis.

401 2688 502 2741 hoc
533 2697 611 2741 est
641 2706 762 2740 cum
792 2688 995 2742 miseris
1028 2689 1196 2741 solum
1228 2706 1506 2740 commune
1535 2687 1721 2750 beatis,

317 2775 372 2816 30
474 2759 731 2811 ambobus
761 2759 921 2811 tribui
952 2759 1095 2827 quod
1125 2759 1256 2812 solet
1286 2758 1614 2827 obsequium.

403 2830 633 2883 creditur
662 2838 715 2883 et
745 2831 912 2884 caecis
944 2840 997 2883 et
1026 2848 1158 2898 quos
1186 2838 1461 2899 praetexta
1491 2829 1748 2882 verendos

474 2901 728 2971 virgaque
760 2919 882 2954 cum
911 2901 1129 2955 verbis
1115 2901 1397 2970 1mperiosa
1425 2900 1568 2953 facit.

402 2973 446 3024 si
475 2972 604 3024 mihi
633 2991 740 3024 non
769 2972 966 3055 pareiS,
998 2972 1240 3025 fortunae
1271 2990 1485 3042 parcere
1517 2971 1703 3024 debes.

473 3062 579 3096 non
609 3043 813 3097 habet
798 3064 853 3096 m
883 3043 1035 3096 nobis
1066 3043 1267 3095 ullius
1253 3062 1330 3095 1ra
1359 3043 1551 3095 locum.

318 3129 371 3168 35
404 3115 539 3183 elige
569 3123 868 3167 nostrorum
896 3114 1172 3166 minimum
1201 3114 1583 3181 minimumque
1614 3112 1897 3164 malorum:

472 3186 596 3248 isto,
629 3185 772 3253 quod
801 3185 1121 3254 quereriS,⁴⁵3
1092 3185 1340 3237 orandius
1369 3184 1501 3237 illud
1530 3183 1643 3236 erit.

403 3273 563 3323 quam
593 3256 760 3308 multa
789 3255 1031 3307 madidae
1063 3255 1392 3307 celebrantur
1420 3253 1712 3306 harundine
1742 3252 1939 3316 fossae,

474 3325 659 3378 florida
688 3343 848 3393 quam
877 3325 1068 3377 multas
1097 3325 1281 3394 Hybla
1310 3333 1486 3378 tuetur
1515 3343 1657 3394 apes,

405 3415 566 3465 quam
595 3396 792 3449 multae
822 3395 1005 3465 gracili
1035 3404 1240 3449 terrena
1270 3395 1368 3448 sub
1398 3395 1584 3449 horrea
1613 3395 1751 3450 ferre

319 3485 375 3523 40
476 3466 639 3520 limite
669 3466 919 3520 formicae
949 3485 1115 3536 grana
1143 3475 1348 3537 reperta
1378 3466 1563 3530 solent,
