2158 3906
462 371 774 418 TRISTIUM
802 371 924 417 LIB.
955 371 992 417 1.
1025 371 1158 424 vm,
1190 371 1387 429 19-1X,
1416 371 1488 416 54.

125 484 291 544 utque
321 492 496 528 comes
526 472 700 527 radios
730 491 825 543 per
854 472 977 526 solis
1008 472 1254 527 euntibus
1283 471 1471 525 umbra
1500 479 1595 534 est,

199 564 321 598 cum
349 545 476 598 latet
506 543 592 597 hic
621 562 832 614 pressus
863 543 1118 606 nubibus,
1148 542 1238 596 illa
1267 542 1428 613 fugit:

127 615 322 668 mobile
352 614 426 667 sic
457 614 694 682 sequitur
722 614 963 668 fortunae
992 614 1192 667 lumina
1220 614 1309 667 vul
1350 632 1436 677 us3

200 703 336 754 quae
367 685 522 737 simul
551 684 768 738 inducta
796 684 937 738 nube
967 694 1241 755 teguntur,
1276 703 1307 737 a
1346 684 1400 737 it.

126 755 280 818 haec,
312 773 519 826 precor,
550 763 610 807 ut
639 773 847 825 semper
876 755 1077 826 possint
1106 755 1201 808 tibi
1231 755 1365 808 falsa
1395 755 1577 810 videri.

199 835 320 879 sunt
350 834 526 878 tamen
557 834 748 879 eventu
779 845 905 879 vera
934 826 1151 880 fatenda
1180 845 1314 880 mec.

129 896 254 951 dum
285 896 546 959 stetimus,
577 896 763 950 turbae
794 906 1051 965 quantum
1082 897 1207 951 satis
1239 906 1399 961 esset,
1429 897 1661 951 habebat

197 975 322 1020 nota
351 967 590 1035 quidem,
621 967 714 1021 sed
744 986 850 1020 non
881 968 1157 1021 ambitiosa
1187 967 1391 1021 domus.

129 1048 182 1092 at
212 1038 366 1091 simul
395 1038 623 1108 impulsa
653 1047 754 1102 est,
786 1057 967 1092 omnes
996 1039 1219 1093 timuere
1248 1038 1472 1101 ruinam,

199 1118 458 1177 cautaque
490 1109 756 1163 communi
785 1119 935 1179 terga
965 1109 1157 1163 dedere
1186 1109 1363 1179 fugae.

127 1198 286 1234 saeva
314 1197 488 1248 neque
519 1180 747 1233 admiror
775 1190 1018 1234 metuunt
1048 1180 1092 1233 si
1120 1179 1367 1241 fulmina,
1398 1197 1623 1248 quorum

197 1249 410 1320 ignibus
441 1250 624 1303 adflari
653 1251 894 1320 proxima
923 1268 1164 1318 quaeque
1195 1251 1378 1305 solent.

127 1321 221 1375 sed
251 1329 428 1374 tamen
455 1320 511 1373 in
542 1320 685 1373 duris
715 1330 1074 1374 remanentem
1104 1320 1263 1373 rebus
1294 1320 1523 1373 amicum

199 1390 488 1460 quamlibet
514 1390 684 1444 inviso
717 1390 917 1445 Caesar
945 1391 999 1443 in
1030 1391 1178 1444 hoste
1209 1390 1415 1460 probat,

127 1480 225 1516 nec
255 1461 387 1517 solet
414 1461 592 1525 irasci,
621 1492 693 1500 —
720 1480 892 1531 neque
923 1461 1061 1515 enim
1092 1461 1410 1515 moderatior
1440 1461 1571 1515 alter
1599 1491 1669 1500 —

199 1551 318 1586 cum
348 1532 466 1601 quis
495 1532 549 1585 in
580 1532 837 1595 adversis,
869 1532 912 1585 si
942 1532 1070 1601 quid
1101 1531 1319 1593 amavit,
1351 1542 1508 1585 amat.

130 1604 194 1659 de
225 1602 412 1659 comite
439 1603 681 1674 Argolici
710 1613 990 1674 postquam
1021 1602 1270 1673 cognovit
1300 1601 1543 1667 Orestae,

105 1688 109 1709 ³
198 1683 438 1728 narratur
465 1673 707 1745 Pyladen
737 1675 850 1745 ipse
880 1674 1132 1745 probasse
1162 1673 1358 1727 Thoas.

129 1763 262 1815 quae
292 1745 392 1799 fuit
418 1745 707 1800 Actoridae
737 1764 858 1799 cum
889 1763 1082 1816 magno
1113 1764 1321 1816 semper
1352 1744 1579 1807 Achille,

109 1816 115 1827 '
198 1816 401 1869 laudari
432 1817 585 1870 solita
614 1827 692 1870 est
722 1817 968 1870 Hectoris
1000 1835 1089 1869 ore
1119 1816 1265 1869 fides.

128 1887 268 1956 quod
299 1887 417 1958 pius
449 1887 516 1940 ad
545 1888 736 1941 Manes
767 1887 1007 1940 Theseus
1038 1906 1213 1940 comes
1244 1887 1342 1954 iret
1372 1887 1558 1948 amicO,

199 1958 510 2011 Tartareum
543 1958 722 2012 dicunt
752 1958 1038 2012 indoluisse
1069 1959 1243 2011 deum.

127 2028 350 2099 Euryali
378 2027 599 2098 Nisique
628 2029 731 2082 fide
762 2029 881 2092 tibi,
913 2029 1119 2092 Turne,
1149 2029 1315 2082 relata

201 2099 448 2154 credibile
479 2109 558 2153 est
585 2100 811 2152 lacrimis
841 2100 1160 2152 inmaduisse
1190 2119 1371 2169 genas·

129 2170 378 2241 praestita
406 2189 530 2222 nam
561 2170 763 2224 miseris
792 2170 959 2240 pietas
990 2180 1041 2224 et
1070 2171 1125 2223 in
1155 2170 1303 2223 hoste
1334 2170 1588 2240 probatur
1616 2200 1689 2210 —

201 2241 248 2294 ei
277 2239 428 2303 mihi,
459 2259 617 2309 quam
649 2259 846 2311 paucos
876 2240 1006 2295 haec
1035 2260 1153 2294 mea
1182 2241 1322 2294 dicta
1349 2240 1585 2295 moventi

128 2310 172 2365 is
204 2320 369 2365 status
400 2320 479 2365 est
507 2330 682 2365 rerum
712 2330 853 2365 nunc
883 2323 935 2366 et
964 2312 1175 2365 fortuna
1204 2331 1459 2375 mearum,

201 2382 390 2435 debeat
418 2391 477 2435 ut
504 2382 732 2436 lacrimis
762 2382 937 2436 nullus
968 2383 1151 2436 adesse
1182 2383 1385 2438 modus.

17 2502 20 2509 .
131 2462 184 2506 at
211 2471 330 2506 mea
359 2461 503 2516 sunt,
532 2454 743 2524 proprio
774 2454 1015 2522 quamvis
1045 2453 1394 2508 maestissima
1424 2472 1567 2515 casu,

200 2533 410 2594 pectora
438 2542 687 2595 processu
717 2524 858 2579 facta
888 2544 1073 2579 serena
1102 2534 1210 2578 tuo.

129 2593 229 2648 hoc
258 2613 357 2666 ego
387 2604 667 2649 venturum
695 2595 802 2649 iam
832 2605 982 2659 tunc,
1013 2596 1304 2659 carissime,
1335 2595 1461 2659 vidi,

199 2665 358 2719 ferret
386 2666 560 2719 adhuc
587 2667 743 2720 istam
773 2686 895 2721 cum
923 2667 1094 2720 minor
1124 2686 1254 2721 aura
1281 2677 1465 2720 ratem.

133 2736 240 2791 sive
270 2736 484 2806 aliquod
513 2755 719 2790 morum
750 2732 844 2792 seu
874 2738 1013 2792 vitae
1043 2738 1162 2792 labe
1193 2738 1418 2791 carentis

202 2817 280 2861 est
308 2807 559 2878 pretium:
589 2826 744 2862 nemo
773 2808 938 2879 pluris
968 2809 1222 2862 emendus
1254 2819 1393 2871 erat3

131 2877 239 2932 sive
268 2897 364 2948 per
391 2879 649 2949 ingenuas
679 2879 868 2947 aliquis
899 2888 1060 2950 caput
1089 2879 1277 2932 extulit
1307 2888 1468 2932 artes:

201 2948 467 3017 quaelibet
496 2949 703 3018 eloquio
733 2950 791 3002 fit
821 2950 960 3002 bona
990 2968 1151 3003 causa
1179 2959 1288 3002 tuo·

131 3017 212 3072 his
243 3037 342 3090 ego
373 3028 665 3074 commotus
696 3020 804 3073 dixi
837 3020 933 3073 tibi
962 3021 1199 3090 protinus
1229 3019 1331 3090 ipsi

204 3095 418 3144 ‘scaena
447 3100 625 3145 manet
655 3091 803 3144 dotes
834 3091 1073 3162 grandis,
1105 3091 1297 3153 amice,
1329 3090 1480 3143 tuas.'

131 3159 262 3214 haec
290 3161 419 3214 mihi
447 3180 554 3215 non
585 3162 764 3215 ovium
792 3163 956 3216 fibrae
986 3162 1278 3215 tonitrusve
1309 3160 1503 3214 sinistri

201 3231 449 3302 linguave
478 3242 715 3287 servatae
745 3234 972 3304 pinnave
1004 3233 1136 3286 dixit
1167 3233 1302 3286 avis:

136 3302 412 3424 augurium
441 3304 573 3357 ratio
604 3313 684 3358 est
712 3315 765 3358 et
796 3305 1096 3358 coniectura
1125 3304 1290 3357 futuri
1300 3325 1314 3367 3

241 3391 302 3427 ac
332 3373 563 3428 divinavi
591 3376 934 3446 notitiamque
964 3376 1077 3429 tuli.

137 3459 270 3512 quae
300 3445 547 3513 quoniam
575 3465 701 3500 vera
730 3456 832 3511 est,
862 3456 973 3500 tota
1001 3447 1098 3500 tibi
1127 3455 1303 3500 mente
1333 3444 1568 3514 mihique

204 3515 460 3584 gratulor,
490 3516 762 3587 ingenium
790 3537 897 3572 non
926 3519 1142 3574 latuisse
1173 3527 1340 3571 tuum.

1498 3599 1553 3642 9*

1729 358 1829 411 131

1865 771 1920 810 15

1864 1126 1923 1165 20

1863 1479 1920 1518 25

1863 1833 1921 1874 80

1861 2187 1917 2250 ³11>

1860 2543 1918 2581 40

1861 2897 1916 2935 45

1864 3251 1919 3289 50
