2158 3906
348 280 435 345 90'
902 300 958 344 P.
991 300 1198 346 ovum
1228 300 1499 347 NAsoms

228 422 320 461 400
422 412 475 456 et
502 403 668 474 gemit
696 402 913 455 Alcides
944 401 1381 469 Haemoniusque
1411 421 1558 471 puer.

348 474 462 545 ipse
492 483 668 527 tamen
696 473 858 525 lectas
888 472 1178 541 Pagasaeis
1209 473 1430 525 collibus
1460 472 1652 525 herbas

421 553 679 614 temperat
709 552 761 595 et
790 561 927 594 vana
956 543 1172 595 volnera
1200 543 1397 596 mulcet
1426 561 1549 612 ope:

350 615 494 667 virus
525 614 661 667 edax
691 613 975 682 superabat
1005 631 1184 683 opem,
1214 615 1532 684 penitusque
1563 621 1774 684 recepta

421 685 626 738 ossibus
657 693 709 736 et
737 692 847 736 toto
879 702 1096 753 corpore
1127 686 1288 754 pestis
1319 693 1448 738 erat.

231 773 318 812 405
351 756 606 825 sanguine
638 753 894 807 Centauri
924 755 1200 808 Lernaeae
1231 756 1447 825 sanguis
1477 754 1754 807 Echidnae

419 827 614 878 mixtus
646 825 714 877 ad
745 825 1002 878 auxilium
1031 834 1269 895 tempora
1297 826 1443 879 nulla
1473 826 1649 877 dabat.

352 897 548 959 stabat,
579 904 640 948 ut
669 905 790 949 ante
820 905 1048 966 patrem,
1079 896 1308 949 lacrimis
1338 896 1585 967 perfusus
1616 895 1880 950 Achillest

423 968 497 1019 sic
525 967 730 1020 flendus
759 967 980 1029 Peleus,
1012 968 1057 1020 si
1086 969 1399 1029 moreretur,
1432 976 1582 1020 erats

351 1057 508 1108 saepe
538 1057 727 1090 manus
759 1057 945 1108 aegras
975 1038 1219 1091 manibus
1249 1038 1487 1108 fingebat
1517 1037 1698 1091 amicis
1730 1068 1803 1079 —-

233 1125 321 1165 410
420 1127 651 1172 morum,
682 1127 815 1177 quos
845 1109 994 1170 fecit,
1024 1109 1260 1179 praemia
1290 1110 1474 1163 doctor
1501 1108 1662 1161 habet
1691 1130 1786 1171 —3

352 1181 532 1233 oscula
562 1199 718 1250 saepe
751 1180 917 1242 dedit3
949 1180 1081 1233 dixit
1110 1199 1321 1249 quoque
1353 1199 1510 1250 saepe
1540 1180 1757 1232 iacenti=

423 1251 591 1313 ‘vive‚
623 1269 834 1321 precor,
863 1270 962 1304 nec
991 1270 1102 1314 me,
1134 1270 1278 1313 care,
1308 1251 1572 1319 relinque,
1603 1249 1800 1320 paterl'

349 1340 491 1374 nona
521 1322 631 1375 dies
663 1322 869 1384 aderat,
901 1340 1024 1374 cum
1053 1331 1136 1384 tn,
1167 1322 1451 1375 iustissime
1483 1319 1702 1384 Chiron,

421 1393 502 1445 bis
533 1401 735 1462 septem
764 1392 926 1446 stellis
959 1411 1178 1463 corpora
1209 1393 1410 1446 cinctus
1442 1411 1573 1445 erae.

233 1550 318 1589 415
350 1535 513 1587 Hunc
529 1534 679 1604 Lyra
693 1552 855 1587 curva
871 1535 1021 1603 sequi
1037 1544 1276 1604 cuperet3
1303 1535 1397 1587 sed
1412 1534 1603 1587 idonea
1619 1535 1855 1587 nondum
1873 1532 1916 1577 4·
1929 1535 1992 1590 [D
2005 1534 2059 1592 0}

422 1614 501 1658 est
531 1605 641 1658 via:
672 1624 779 1658 nox
809 1615 994 1676 aptum
1023 1606 1177 1658 tertia
1206 1615 1415 1675 tempus
1447 1606 1562 1658 erit.
1897 1592 1945 1636 5·
1973 1592 2065 1636 EG

353 1746 604 1817 Scorpius
633 1746 689 1799 in
719 1747 890 1808 cae10,
921 1765 1043 1800 cum
1073 1765 1187 1799 cras
1216 1747 1482 1800 lucescere
1512 1746 1694 1799 Nonas
1899 1745 1947 1791 θ·
1976 1747 2022 1791 F
2025 1747 2064 1792 0

423 1818 669 1880 dicimUS‚
702 1837 733 1870 a
762 1818 936 1871 media
966 1827 1116 1887 parte
1146 1827 1358 1870 notatus
1390 1818 1502 1870 erit.

350 1960 494 2011 Hinc
516 1959 609 2011 ubi
631 1959 905 2028 protulerit
927 1959 1158 2012 formosa
1181 1969 1260 2012 ter
1283 1961 1557 2030 Hesperus
1583 1978 1690 2021 ora,
1732 1957 1773 2002 7·
1807 1960 1849 2003 G
1877 1960 2058 2004 NON·

233 2037 320 2084 420
422 2040 499 2082 ter
530 2030 768 2082 dederint
797 2030 1019 2084 Phoebo
1051 2031 1223 2083 sidera
1252 2030 1392 2084 victa
1421 2032 1611 2092 locum,
1735 2071 1766 2115 8
1813 2017 1920 2116 HJ
2050 2034 2052 2036 ’
2090 2091 2094 2093 ,

348 2100 479 2153 ritus
511 2101 609 2154 erit
638 2101 853 2163 veteris,
884 2111 1144 2154 nocturna
1173 2101 1453 2164 Lemuria,
1486 2101 1634 2154 sacri.
1732 2106 1779 2173 9]
1808 2131 1850 2172 A
1881 2131 2057 2175 LEM,

419 2171 633 2224 inferias
665 2172 836 2224 tacitis
866 2172 1119 2225 Manibus
1150 2173 1240 2225 illa
1269 2173 1487 2225 dabunt.
1869 2185 1925 2229 N

350 2262 518 2295 annus
550 2252 660 2295 erat
691 2243 925 2305 brevior3
958 2262 1055 2296 nec
1086 2243 1259 2296 adhuc
1289 2245 1377 2313 pia
1406 2244 1596 2296 februa
1625 2254 1830 2306 norant,

420 2332 518 2366 nec
548 2323 606 2365 tu
637 2314 746 2366 dux
775 2333 1038 2375 mensum,
1070 2315 1199 2367 Iane
1230 2315 1494 2376 biformiS‚
1527 2334 1664 2367 eras:

234 2399 319 2438 425
350 2383 457 2436 iam
486 2393 663 2437 tamen
694 2385 924 2437 extincto
956 2384 1117 2438 cineri
1149 2404 1246 2437 sua
1276 2385 1414 2437 dona
1443 2385 1700 2447 ferebant,

423 2455 804 2524 compositique
834 2474 998 2525 nepos
1030 2456 1186 2508 busta
1215 2456 1396 2525 piabat
1424 2456 1526 2508 avi.

350 2526 545 2578 mensis
577 2535 689 2577 erat
717 2526 922 2588 Maius,
953 2526 1211 2578 maiorum
1242 2526 1453 2579 nomine
1485 2526 1673 2589 dietus,

422 2596 515 2664 qui
544 2605 747 2665 partem
777 2596 935 2666 prisci
964 2616 1104 2650 nunc
1135 2615 1346 2666 quoque
1377 2598 1536 2650 moris
1567 2598 1742 2650 habet.

299 2698 301 2700 ·
349 2685 457 2719 nox
486 2667 580 2719 ubi
609 2667 715 2749 iam
744 2667 919 2720 media
949 2677 1050 2730 est,
1084 2686 1399 2737 somnosque
1431 2668 1637 2722 silentia
1667 2670 1939 2739 praebent,

234 2752 321 2791 430
423 2747 475 2790 et
507 2755 650 2790 canis
681 2747 733 2790 et
762 2739 937 2791 variae
968 2739 1290 2792 conticuistis
1322 2758 1463 2800 aveS,
1587 2792 1590 2793 γ

350 2808 436 2862 ille
467 2827 669 2861 memor
698 2809 889 2862 veteris
919 2809 1050 2862 ritus
1081 2810 1402 2879 timidusque
1433 2811 1654 2864 deorum

422 2880 591 2949 surgit
620 2879 843 2947 (habent
871 2880 1069 2949 gemini
1099 2881 1310 2934 vincula
1339 2882 1485 2934 nulla
1514 2882 1702 2951 pedes)

352 2950 606 3020 signaque
638 2950 729 3003 dat
758 2951 935 3021 digitis
965 2951 1140 3005 medio
1171 2971 1293 3004 cum
1321 2953 1510 3022 pollice
1539 2953 1749 3016 iunctiS,

422 3030 663 3074 occurrat
691 3022 850 3075 tacito
881 3042 947 3076 ne
977 3023 1108 3076 levis
1138 3024 1327 3075 umbra
1357 3023 1473 3075 sibi.

234 3108 319 3146 435
352 3109 576 3160 cumque
607 3096 793 3160 manus
825 3112 984 3162 puras
1015 3094 1233 3145 fontana
1262 3094 1452 3163 perluit
1482 3093 1641 3155 unda,

421 3164 642 3215 vertitur
671 3173 723 3216 et
752 3164 930 3232 nigras
962 3164 1151 3232 accipit
1182 3183 1270 3216 ore
1300 3164 1451 3216 fabas

352 3251 671 3300 aversusque
701 3233 840 3286 iacit.
917 3234 1010 3286 sed
1040 3234 1168 3285 dum
1196 3234 1342 3296 iacit,
1375 3234 1528 3286 ‘haec
1559 3252 1658 3303 ego
1690 3235 1863 3299 mitto,

422 3303 526 3355 his’
557 3303 726 3371 inquit
758 3303 979 3356 ‘redimo
1010 3322 1199 3371 meque
1229 3304 1698 3373 meosquefabisl’

349 3374 449 3426 hoc
480 3374 661 3426 novies
694 3374 841 3436 dicit,
873 3393 969 3427 nec
1000 3374 1227 3444 respicit.
1303 3375 1492 3427 umbra
1520 3385 1736 3445 putatur

233 3461 320 3501 440
424 3445 669 3515 colligere
701 3454 751 3498 et
780 3446 924 3498 nullo
956 3454 1106 3515 terga
1137 3445 1346 3500 vidente
1379 3446 1543 3515 sequi.
