2158 3906
665 828 1252 889 PRAEFATIO.

63 1051 68 1056 '
109 1047 268 1094 Tertio
300 1044 527 1094 volumine
567 1045 766 1105 primum
808 1043 947 1089 conti·
979 1041 1350 1098 10)bibliothecis
1365 1040 1630 1087 ordinandis
1640 1041 1877 1100 praefecto

51 1103 401 1163 nenturFasti,
417 1102 539 1162 quod
554 1116 666 1162 opus
684 1106 730 1147 et
746 1100 949 1147 eiusdem
979 1097 1122 1155 (Suet.
1148 1096 1279 1143 Caes.
1300 1099 1373 1154 56)
1392 1124 1450 1132 —
1470 1100 1701 1143 annalibus
1730 1108 1879 1144 erutae

51 1161 150 1207 fere
220 1160 367 1206 eneris
402 1163 473 1206 est
506 1159 633 1204 cuius
669 1162 774 1203 sunt
802 1157 947 1201 Meta-
1022 1157 1131 1199 mis
1146 1155 1185 1206 (Ι
1202 1155 1266 1211 7);
1288 1158 1335 1199 et
1354 1168 1464 1199 sane
1481 1155 1575 1199 anti
1611 1155 1767 1198 uitatis
1783 1155 1878 1199 Ita-

51 1232 150 1263 mor
215 1230 338 1273 oses,
358 1240 415 1249 -
433 1229 542 1260 nam
567 1219 811 1271 utrumque
831 1212 948 1258 serie
974 1170 1095 1256 {icae
1123 1210 1277 1276 studia
1303 1224 1333 1255 a
1359 1211 1566 1255 Varrone
1639 1211 1879 1277 igidioque

53 1285 144 1341 epy
183 1274 340 1330 'orum,
351 1271 433 1317 sed
448 1271 629 1316 diversa
642 1271 834 1325 ratione,
844 1281 947 1314 con·
1011 1271 1081 1311 ost
1120 1279 1262 1311 riores
1275 1266 1697 1322 excitata,aVerr10
1706 1267 1879 1312 Flacco

50 1333 324 1376 tinuatur—
340 1331 387 1374 et
406 1327 610 1373 eiusdem
629 1324 862 1384 temporis,
882 1324 949 1369 ita
1012 1322 1085 1367 ein
1121 1335 1145 1367 e
1172 1322 1365 1389 ipsoque
1394 1322 1586 1382 Hygino
1621 1329 1881 1369 sustentata

49 1384 205 1432 tamen
224 1388 278 1430 ut
290 1383 420 1429 Fasti
440 1382 565 1429 exilii
581 1381 797 1428 Ovidiani
817 1380 947 1425 initio
977 1393 1145 1447 magno
1161 1382 1270 1424 tunc
1284 1393 1333 1423 ιιι
1349 1380 1518 1424 honore
1535 1385 1680 1437 erant,
1698 1381 1770 1425 cui
1787 1395 1881 1426 non

52 1439 110 1500 (a.
168 1475 178 1487 .
201 1440 307 1487 Chr.
335 1455 380 1486 n.
403 1440 447 1496 7)
475 1438 665 1485 dimidia
690 1442 869 1483 tantum
893 1451 947 1482 ex
978 1436 1212 1480 mimmum
1228 1436 1352 1503 apud
1368 1436 1518 1494 pleros
1552 1451 1609 1481 uc
1627 1437 1878 1482 incremen-

50 1501 114 1561 pa
158 1512 183 1544 e
204 1496 450 1556 conscripti
469 1495 661 1563 fuerint,
680 1495 774 1540 illis
794 1498 947 1539 autem
977 1497 1074 1537 tum
1089 1492 1287 1551 Vergihi
1302 1492 1474 1538 Aeneis
1494 1508 1522 1538 a
1557 1493 1687 1538 didit.
1730 1493 1880 1539 Simili

51 1555 119 1603 nil
143 1555 237 1601 iam
271 1552 473 1600 defuerit
504 1552 593 1598 nisi
626 1553 737 1597 hma
769 1550 947 1596 ultima.
978 1564 1035 1595 ac
1050 1549 1175 1595 Naso
1192 1549 1379 1594 consilio
1393 1549 1499 1594 libri
1517 1550 1586 1594 sui
1603 1551 1750 1618 quinti
1767 1551 1879 1595 Pro-

52 1611 141 1659 Sex
168 1627 244 1670 eqo
262 1612 491 1663 Fastorum
518 1610 678 1668 scripsi
697 1610 949 1667 totidemque
978 1605 1153 1665 pertius
1168 1606 1386 1651 nonnulla
1401 1613 1668 1665 composuit.
1685 1608 1753 1651 Ex
1763 1608 1880 1654 Var-

53 1663 232 1726 lt‘bellos,
249 1681 428 1737 cumque
439 1682 518 1713 suo
528 1668 660 1728 finem
675 1680 816 1710 mense
830 1667 947 1710 volu·
978 1677 1087 1708 rone
1118 1662 1166 1707 ni
1193 1663 1329 1707 fallor
1360 1664 1603 1709 verborum
1637 1678 1882 1723 rerumque

52 1729 148 1772 §nen
169 1726 317 1780 haben
341 1726 469 1827 {que
494 1731 566 1768 tuo
586 1738 724 1781 nuper
742 1723 949 1780 scriptum
979 1719 1269 1788 b'fvpa(e.c.1
1285 1720 1370 1765 319
1380 1726 1497 1787 sqq.)
1514 1735 1691 1766 sumere
1741 1722 1881 1779 otuit3

52 1784 131 1830 'sub
150 1783 338 1838 nomine,
399 1795 551 1836 aesar,
575 1787 615 1825 et
636 1781 713 1825 tibi
728 1787 949 1823 sacratum
982 1776 1187 1822 eiusdem
1202 1777 1374 1821 Rerum
1395 1778 1650 1822 divinarum
1670 1778 1702 1822 li
1739 1793 1810 1822 ros
1832 1779 1881 1822 in

53 1848 150 1885 sors
169 1854 264 1884 mea
284 1839 398 1896 rupit
413 1851 519 1896 opus
533 1837 632 1893 (Tr.
649 1836 698 1881 11
714 1836 798 1882 549
815 1838 947 1894 sqq.).
980 1833 1134 1878 multis
1149 1847 1394 1892 usurpasse
1409 1834 1610 1891 videtur,
1627 1835 1675 1879 in
1691 1836 1881 1892 reliquis

55 1895 184 1956 Opus
208 1895 225 1940 i
260 1895 353 1940 itur
380 1893 622 1940 duodecim
644 1892 741 1939 sive
760 1907 835 1938 sex
855 1894 948 1937 toti·
1014 1890 1182 1935 roclive
1197 1890 1513 1948 lubricumque
1530 1896 1601 1935 est
1615 1892 1672 1937 de
1686 1893 1880 1936 auctori-

53 1951 230 2012 Eemque
266 1951 467 1998 ibrorum
487 1965 516 1996 a
550 1963 734 2010 gressus
755 1963 833 1995 sex
850 1953 949 1994 tan·
981 1906 1067 1992 Rus
1086 1947 1183 1992 eius
1200 1947 1419 1992 iudicium
1461 1948 1882 2006 roferre,nisiquod

53 2010 152 2055 tum
170 2007 402 2054 volumina
421 2021 506 2054 con
529 2007 639 2065 ecit3
666 2006 847 2065 reliqua
872 2009 953 2050 aut
982 2005 1153 2049 addere
1174 2004 1290 2048 libet
1308 2003 1357 2047 in
1371 2018 1420 2049 re
1455 2019 1508 2048 us
1524 2005 1742 2050 Romanis
1757 2007 1884 2051 velut

55 2065 236 2112 omnino
262 2078 354 2110 non
379 2064 618 2124 inceperat
640 2067 721 2108 aut
745 2088 804 2097 —
830 2062 953 2120 quod
981 2061 1029 2105 in
1049 2060 1298 2105 Fabiorum
1319 2061 1608 2119 expeditione
1632 2067 1679 2107 et
1699 2063 1746 2107 in
1767 2063 1881 2107 'rul-

52 2123 151 2168 veri
172 2121 362 2167 similius
381 2125 494 2189 puto
508 2120 646 2165 —ita
664 2119 800 2164 modo
834 2123 887 2163 ut
905 2118 953 2163 in
982 2118 1073 2162 liae
1094 2117 1297 2162 facinore
1314 2118 1579 2163 enarrandis
1596 2118 1660 2174 (11
1677 2120 1762 2164 195
1778 2133 1880 2220 εἰς.

1845 2191 1882 2219 1-

26 2223 28 2226 ,
53 2178 291 2240 publicum
307 2178 408 2223 dan
421 2190 513 2222 non
523 2176 767 2236 potuerint.
784 2153 951 2229 Quam·
982 2174 1052 2220 VI
1070 2174 1154 2218 587
1176 2177 1294 2231 sqq.)
1315 2175 1657 2219 memorabilem
1678 2190 1781 2220 cum

53 2250 194 2340 ffam
209 2235 269 2281 ad
283 2234 368 2280 hos
384 2233 569 2293 quidem
583 2233 725 2278 libros
768 2235 955 2277 revocat
983 2230 1057 2275 vio
1076 2231 1125 2274 in
1152 2244 1358 2275 sermone
1385 2245 1566 2299 quoque
1595 2233 1804 2300 adeoque
1831 2233 1883 2278 in

28 2299 31 2302 ⁴
105 2293 129 2337 I
157 2293 213 2338 58
240 2292 297 2337 de
325 2289 596 2347 Decembri,
621 2289 698 2334 111
838 2294 884 2334 et
909 2289 954 2334 V
984 2287 1177 2346 singulis
1204 2286 1356 2331 verbis
1377 2288 1721 2333 similitudinem
1742 2295 1882 2334 mter-

32 2388 35 2389 γ
56 2349 140 2396 147
161 2349 218 2394 de
237 2348 450 2408 Augusto
474 2360 630 2392 mense
649 2346 863 2404 loquensr,
892 2344 950 2390 cf.
985 2344 1322 2410 cede-re(Liv.1
1336 2344 1407 2388 48.
1425 2345 1473 2388 11
1489 2346 1575 2400 49).
1602 2346 1657 2390 In
1673 2360 1721 2390 re
1739 2352 1881 2390 astro·

54 2403 102 2453 V
116 2405 212 2452 724.
250 2404 482 2458 Nonnulla
496 2402 656 2449 Tomis
670 2402 870 2459 novavit,
886 2401 952 2446 in·
983 2414 1163 2445 nonuca
1183 2400 1394 2445 Clodium
1418 2401 1620 2446 Tuscum
1648 2408 1883 2448 auctorem

89 2462 215 2508 rimis
231 2475 348 2520 quae
369 2462 426 2507 de
445 2459 580 2506 exilio
596 2473 678 2505 suo
693 2459 763 2506 IV
778 2459 835 2504 78
852 2471 950 2517 sqq.
984 2462 1165 2502 secutus
1193 2471 1292 2502 esse
1306 2472 1308 2475 ·
1321 2458 1544 2515 creditur,
1579 2459 1708 2503 cuius
1742 2473 1881 2517 opere

31 2477 248 2565 *fuseruit
278 2517 589 2575 cf.1540;huc
603 2516 797 2562 fortasse
815 2516 953 2560 etiam
986 2515 1181 2559 Ioannes
1209 2514 1370 2573 Lydus
1395 2529 1505 2559 usus
1533 2520 1615 2559 est.
1685 2517 1885 2562 Omnino

57 2553 380 2635 tetrasyliabus
412 2573 689 2634 pentametri
729 2573 875 2618 exitus
909 2572 954 2619 V
982 2585 1090 2616 vero
1119 2584 1305 2616 censere
1333 2572 1448 2628 noli,
1482 2572 1618 2616 nimis
1652 2573 1884 2630 profunda

58 2633 142 2679 582
163 2636 210 2678 et
222 2632 292 2679 Vl
310 2632 396 2677 660
413 2630 627 2690 pertinet,
648 2630 798 2697 qualis
818 2634 954 2674 antea
983 2629 1056 2673 vel
1075 2628 1313 2672 recondita
1331 2634 1515 2686 poetam
1534 2634 1738 2675 nostrum
1759 2645 1882 2675 scru-

60 2689 201 2735 semel
231 2693 410 2734 tantum
447 2688 496 2733 in
529 2687 832 2743 Hermdibus,
873 2687 953 2731 sed
983 2689 1131 2729 tatum
1158 2699 1279 2729 esset
1307 2685 1434 2729 velut
1462 2687 1582 2743 quod
1612 2687 1798 2744 quidam
1827 2702 1884 2732 ex

59 2750 164 2805 post
177 2745 464 2791 inTristibus
479 2744 647 2800 decies,
660 2743 732 2788 bis
747 2743 795 2788 in
804 2742 953 2799 Ibide,
984 2741 1054 2787 VI
1074 2742 1131 2786 59
1160 2740 1346 2786 efficere
1367 2742 1456 2786 sibi
1476 2743 1561 2786 visi
1582 2749 1709 2801 sunt,
1738 2744 1882 2788 fastos

56 2802 201 2848 vicies
229 2802 371 2846 semel
403 2801 452 2845 in
487 2800 694 2859 epistulis
724 2813 779 2844 ex
805 2800 954 2844 Ponto
984 2798 1196 2842 Aricinos
1223 2799 1283 2842 ab
1312 2812 1366 2843 eo
1393 2799 1620 2856 perlectos
1656 2814 1778 2850 esse,
1813 2801 1882 2845 ibi

59 2858 295 2904 adhibitus
314 2858 497 2916 legitur.
985 2854 1137 2912 potius
1167 2869 1192 2899 e
1220 2855 1427 2900 Varrone
1454 2857 1528 2900 vel
1587 2857 1762 2914 uisquis
1789 2859 1881 2915 pri-

117 2915 204 2959 His
222 2914 367 2970 libris,
387 2927 461 2959 res
481 2913 542 2958 ad
562 2912 715 2957 sidera
734 2913 795 2957 ad
813 2912 953 2956 histo·
984 2911 1153 2955 marius
1175 2910 1273 2955 eius
1300 2911 1403 2955 fons
1424 2918 1542 2968 erat,
1604 2914 1736 2957 ausit.
1797 2915 1883 2959 Ce-

58 2971 175 3018 riam
203 2971 264 3016 ad
292 2984 422 3015 sacra
446 2970 726 3028 pertinentes
753 2983 838 3027 per
864 2969 953 3013 sin—
983 2973 1131 3012 terum
1152 2968 1313 3012 eodem
1332 2968 1429 3012 fere
1449 2969 1624 3026 ingenii
1641 2971 1886 3028 splendore

61 3029 194 3096 gulos
219 3027 327 3073 anni
355 3027 454 3072 dies
488 3026 756 3084 complexis,
793 3039 955 3070 causas
986 3025 1238 3082 eademque
1265 3025 1474 3069 variandi
1509 3026 1752 3085 felicitate,
1790 3041 1886 3084 qua

62 3099 219 3130 earum
243 3083 293 3130 in
319 3082 489 3129 fabulis
518 3082 710 3128 Graecis
732 3082 954 3140 Italisque
986 3081 1378 3138 Metamorphoses
1403 3082 1609 3141 insignes
1629 3087 1785 3141 sunt,1
1805 3085 1886 3129 hic

61 3140 267 3188 inventas
287 3141 349 3186 ad
370 3139 639 3185 Callimachi
658 3139 853 3183 fortasse
869 3141 954 3182 Al·
985 3151 1164 3195 quoque
1185 3138 1376 3183 Ovidius
1394 3139 1557 3195 utitur,
1578 3139 1668 3184 nisi
1688 3143 1813 3197 quod
1835 3146 1886 3186 et

62 3201 175 3243 ³1·va
186 3197 490 3243 imitationem
503 3197 628 3243 Naso
644 3200 839 3251 enarrat,
857 3196 954 3253 qui·
985 3199 1179 3239 metrum
1207 3195 1461 3254 elegiacum
1489 3204 1760 3255 argumento
1785 3199 1886 3242 eius

8 3276 10 3278 ·
39 3251 149 3314 ss'bus
161 3254 359 3300 inrebus
374 3254 649 3313 permultum
665 3252 730 3298 eis
744 3251 956 3297 utilitatis
985 3266 1074 3296 non
1094 3251 1266 3319 ubique
1286 3252 1398 3296 satis
1418 3257 1576 3310 aptum
1588 3287 1599 3309 ,
1628 3255 1709 3298 sed
1738 3255 1796 3298 ad
1818 3256 1883 3299 le-

31 3310 126 3357 .-ad
141 3310 294 3379 Italas·
311 3310 466 3370 praeci
501 3323 558 3354 ue
579 3309 760 3354 fabulas
789 3322 954 3376 cogno·
985 3308 1134 3353 viores
1155 3314 1202 3353 et
1220 3323 1396 3353 iocosas
1416 3310 1612 3355 maxime
1631 3317 1787 3368 partes
1809 3325 1884 3356 ac-

64 3367 256 3413 seendas
280 3371 411 3412 inest.
507 3370 589 3410 unt
608 3379 689 3411 eae
710 3366 770 3410 ab
792 3365 956 3411 Ovidio

51 3424 378 3526 'ss'elagiumnte
394 3423 587 3467 fortasse
603 3423 794 3489 Hygino
810 3423 955 3467 ami⁰0
1028 3455 1047 3485 1
1078 3453 1138 3486 Ad
1158 3453 1226 3486 has
1247 3455 1290 3486 ut
1311 3454 1460 3488 videtur
1478 3453 1535 3486 111
1558 3455 1621 3487 724
1643 3455 1694 3489 ιν
1718 3456 1781 3487 418
1805 3462 1886 3494 spe-

54 3528 79 3547 γ.
198 3481 376 3542 ompeio
391 3480 550 3525 Macro
570 3493 716 3524 amlco
737 3479 886 3536 (Pont.
907 3479 955 3524 II
986 3496 1099 3528 etant.
