2158 3906
325 310 429 364 288
877 319 932 361 P.
968 318 1174 364 ov1D11
1204 317 1475 364 NASONIS

327 423 514 476 Africa
544 429 671 490 quot
703 428 932 490 segetes,
964 429 1094 489 quot
1123 420 1331 473 Tmolia
1361 430 1500 474 terra
1530 440 1782 487 racemOS,

247 514 298 551 10
400 504 526 561 quot
559 492 758 560 Sicyon
790 491 971 553 bacaS,
1003 500 1132 559 quot
1162 491 1299 560 parit
1328 492 1512 561 Hybla
1529 493 1708 546 favos.

328 565 601 617 confiteor:
634 571 824 615 testere
853 562 999 624 licet3
1032 562 1260 630 signate,
1293 561 1529 628 Quirites

399 634 492 699 (nil
523 651 655 703 opus
686 642 765 685 est
794 633 974 702 legum
1004 632 1229 695 viribus,
1259 633 1372 702 ipse
1401 634 1636 704 loquor):

326 705 461 757 inter
491 722 616 773 opes
649 713 700 757 et
730 722 840 766 me,
871 722 1090 773 parvam
1119 722 1253 766 rem,
1284 722 1422 774 pone
1451 714 1696 775 paternas
1706 727 1720 770 3

397 794 518 844 pars
552 793 651 844 ego
683 774 783 827 sim
813 792 1001 828 census
1033 775 1517 844 quantulacumque
1547 777 1638 829 tui.

247 864 296 902 15
329 864 489 914 quam
519 854 611 898 tua
640 845 914 898 Trinacria
944 855 1023 898 est
1051 854 1376 915 regnataque
1407 857 1546 900 terra
1573 847 1842 919 Philippo,

399 935 561 984 quam
592 916 779 968 domus
810 916 1061 986 Augusto
1093 917 1396 978 continuata
1424 917 1557 980 for0,

328 1005 487 1056 quam
519 997 634 1048 tua,
665 1006 754 1039 rus
786 988 950 1039 oculis
983 987 1204 1050 domini,
1238 986 1555 1058 Campania,
1586 999 1812 1059 gratum,

367 1057 370 1061 ’
399 1075 643 1126 quaeque
673 1058 854 1111 relicta
884 1057 1003 1120 tibi,
1038 1057 1224 1121 Sexte,
1255 1059 1340 1111 vel
1371 1069 1547 1130 empta
1577 1070 1748 1114 tenes:

327 1139 434 1182 tam
467 1138 589 1181 tuus
621 1147 687 1182 en
718 1147 817 1199 ego
849 1148 990 1191 sum,
1022 1129 1170 1182 cuius
1201 1139 1254 1182 te
1284 1148 1502 1184 munere
1532 1131 1666 1185 tristi

242 1217 300 1256 ‘20
401 1218 508 1252 non
538 1208 686 1269 potes
717 1200 772 1252 in
801 1200 976 1253 Ponto
1008 1200 1181 1253 dicere
1211 1200 1407 1255 habere
1438 1202 1583 1254 nihil.

329 1281 487 1340 atque
519 1271 722 1323 utinam
752 1271 947 1341 possis,
979 1279 1030 1324 et
1061 1271 1215 1325 detur
1245 1272 1463 1325 amicius
1495 1292 1699 1336 arvum,

398 1360 615 1411 remque
646 1352 792 1394 tuam
823 1361 990 1412 ponas
1019 1342 1075 1395 in
1104 1343 1316 1396 meliore
1347 1343 1486 1397 loco!

328 1413 472 1481 quod
503 1413 753 1480 quoniam
783 1413 838 1465 in
870 1413 949 1466 dis
980 1426 1082 1476 est,
1112 1423 1313 1484 tempta
1341 1415 1503 1469 lenire
1532 1415 1797 1486 precando

398 1481 639 1547 numina,
672 1495 928 1557 perpetua
958 1502 1094 1552 quae
1125 1485 1318 1554 pietate
1349 1486 1492 1539 colis.

239 1572 296 1610 25
329 1555 516 1608 erroris
547 1574 672 1607 nam
701 1564 782 1617 tu,
816 1555 905 1607 vix
936 1565 1014 1608 est
1045 1555 1364 1618 discernere,
1395 1557 1558 1610 nostri

399 1626 468 1678 sis
500 1635 870 1695 argumentum
900 1626 1069 1678 maius
1101 1646 1169 1679 an
1199 1626 1468 1679 auxilium.

326 1715 424 1750 nec
455 1697 702 1750 dubitans
733 1715 847 1749 oro:
882 1697 974 1750 sed
1003 1697 1218 1750 flumine
1251 1716 1407 1768 saepe
1438 1699 1670 1752 secundo

399 1776 625 1837 augetur
654 1768 811 1821 remis
843 1786 1026 1821 cursus
1058 1768 1228 1821 euntis
1259 1786 1445 1836 aquae.

327 1847 378 1891 et
408 1838 574 1907 pudet
605 1847 657 1891 et
686 1847 864 1891 metuo
898 1856 1208 1908 semperque
1240 1839 1531 1908 eademque
1562 1840 1783 1909 precari,

238 1926 297 1965 30
398 1928 464 1961 ne
497 1909 720 1961 subeant
751 1909 925 1961 animo
957 1909 1131 1962 taedia
1159 1909 1297 1962 iusta
1327 1919 1435 1962 tuo·

326 1998 511 2033 verum
543 1979 670 2048 quid
700 1979 925 2032 faciam?
955 1998 1038 2033 res
1068 1980 1395 2033 inmoderata
1425 1981 1615 2051 cupido
1647 1990 1747 2035 est:

398 2051 466 2102 da
497 2051 705 2103 veniam
735 2051 888 2114 vitio,
920 2051 1061 2103 mitis
1093 2052 1283 2113 amice,
1315 2070 1449 2105 meo·

326 2122 554 2175 scribere
587 2141 744 2192 saepe
775 2121 920 2175 aliud
951 2122 1167 2191 cupiens
1199 2122 1415 2176 delabor
1445 2122 1654 2177 eodem:

396 2193 511 2262 ipsa
541 2193 716 2246 locum
746 2212 841 2263 per
872 2212 927 2246 se
957 2193 1128 2263 littera
1158 2203 1337 2246 nostra
1365 2205 1533 2264 rogat.

238 2280 294 2318 35
327 2282 420 2317 seu
451 2273 628 2317 tamen
658 2264 878 2318 effectus
910 2263 1154 2317 habitura
1185 2274 1262 2318 est
1292 2266 1486 2335 gratia,
1519 2284 1613 2318 seu
1642 2284 1727 2320 me

398 2335 530 2388 dura
559 2335 707 2388 iubet
736 2336 912 2405 gelido
941 2335 1116 2388 Parca
1145 2336 1244 2388 sub
1276 2355 1374 2390 axe
1406 2337 1562 2389 mori:

327 2424 533 2475 semper
562 2406 781 2458 inoblita
810 2415 1046 2476 repetam
1076 2416 1168 2459 tua
1196 2425 1418 2460 munera
1446 2416 1639 2470 mente,

398 2487 449 2528 et
479 2495 598 2529 mea
627 2495 712 2530 me
742 2477 896 2529 tellus
928 2476 1106 2529 audiet
1137 2496 1250 2529 esse
1282 2487 1456 2540 tuum3

328 2547 505 2600 audiet
536 2556 611 2609 et,
644 2548 789 2600 caelo
819 2548 990 2616 posita
1020 2556 1099 2600 est
1129 2565 1495 2616 quaecumque
1527 2549 1626 2601 sub
1656 2548 1781 2613 ullo,

236 2634 295 2671 40
398 2617 584 2669 transit
613 2626 792 2669 nostra
821 2618 960 2671 feros
993 2618 1035 2670 si
1064 2618 1221 2670 modo
1251 2619 1416 2671 Musa
1447 2617 1638 2672 Getas:

325 2696 482 2756 teque
514 2707 662 2741 meae
695 2707 907 2741 causam
939 2698 1363 2758 servatoremque
1394 2690 1594 2753 salutis,

395 2777 585 2828 meque
616 2768 767 2811 tuum
798 2760 931 2812 libra
959 2760 1097 2812 norit
1127 2769 1177 2813 et
1209 2779 1327 2814 aere
1358 2761 1547 2814 minus.

1096 2872 1256 2927 XVI.

322 2970 534 3034 Invide,
566 2971 694 3040 quid
723 2972 921 3025 laceras
952 2972 1181 3025 Nasonis
1212 2974 1445 3026 carmina
1473 2973 1642 3044 rapti?
1806 2972 1904 3016 AD

393 3060 500 3094 non
531 3043 663 3095 solet
691 3042 916 3112 ingeniis
948 3061 1154 3096 summa
1183 3062 1373 3097 nocere
1404 3044 1532 3107 dies,
1671 3029 1705 3072 Ῑ
1708 3029 1761 3071 Ν
1775 3028 1849 3073 VI
1853 3030 1899 3072 D
1917 3029 2026 3074 ΠΜ

323 3111 570 3181 famaque
601 3123 720 3183 post
751 3114 950 3167 cineres
981 3114 1147 3167 maior
1177 3115 1336 3167 venit.
1410 3123 1462 3168 et
1490 3114 1620 3166 mihi
1650 3132 1845 3167 nomen

394 3193 520 3235 tunc
551 3202 785 3252 quoque,
818 3203 938 3237 cum
969 3185 1100 3238 vivis
1133 3185 1528 3247 adnumerarer‚
1561 3195 1687 3246 erat,

266 3269 291 3307 5
325 3271 552 3321 cumque
583 3254 720 3308 foret
749 3255 964 3308 Marsus
995 3257 1279 3326 magnique
1310 3255 1560 3309 Rabirius
1591 3255 1694 3307 oris

392 3323 693 3393 Iliacusque
722 3325 910 3378 Macer
939 3326 1278 3393 sidereusque
1307 3326 1474 3387 Pedo,

322 3403 373 3447 et
404 3395 494 3462 qui
524 3395 785 3448 Iunonem
815 3396 1052 3448 laesisset
1080 3396 1137 3448 in
1168 3397 1424 3459 Hercule,
1458 3394 1648 3461 Carus&

392 3464 609 3517 Iunonis
642 3466 685 3518 si
715 3465 820 3518 iam
850 3484 956 3518 non
986 3485 1149 3535 gener
1179 3467 1265 3519 ille
1296 3467 1431 3520 foret
1442 3488 1455 3530 3

319 3535 515 3606 quique
546 3536 688 3610 dedit
717 3536 876 3610 [fath
906 3554 1118 3611 carmen
1147 3537 1351 3608 regale,
1383 3537 1631 3602 SeveruS,
