2158 3906
331 329 438 383 250
883 339 940 382 P.
973 337 1181 383 0V1D11
1209 337 1480 383 NASONIS

335 453 414 496 est
444 441 665 510 aliquid,
698 459 850 492 casus
881 439 1076 508 pariter
1106 439 1340 492 timuisse
1372 440 1601 492 marinos

247 532 305 569 40
406 514 689 579 iunctaque
720 510 788 562 ad
819 528 1108 578 aequoreos
1140 519 1262 562 vota
1291 511 1472 563 tulisse
1505 511 1653 563 deos:

336 593 387 636 et
418 583 574 635 modo
605 600 687 633 res
720 581 890 650 egisse
923 582 1101 643 simul,
1132 581 1290 632 modo
1321 600 1503 633 rursus
1534 581 1601 633 ab
1632 582 1750 644 illis,

407 671 630 721 quorum
660 669 766 703 non
795 651 1016 721 pudeat,
1046 670 1199 721 posse
1229 651 1425 704 referre
1455 651 1614 704 iocos

335 724 466 776 haec
496 723 592 775 tibi
622 741 743 775 cum
774 722 1020 785 subeant,
1054 722 1222 774 absim
1251 723 1396 785 licet,
1429 723 1672 775 omnibus
1705 722 1855 776 annis

408 803 527 847 ante
558 803 675 846 tuos
707 794 911 856 0011108,
943 803 1002 845 ut
1031 793 1188 845 modo
1218 793 1387 856 visne,
1419 812 1526 846 ero.

247 883 305 921 45
336 866 448 936 ipse
480 865 694 933 quidem
724 874 863 917 certe
895 883 1017 917 cum
1047 865 1146 916 sim
1176 864 1276 916 sub
1308 864 1521 917 cardine
1552 864 1751 928 mundi,

408 936 500 1004 qui
530 954 738 1005 semper
766 935 978 1003 liquidis
1009 935 1162 987 altior
1192 943 1334 987 extat
1365 935 1534 1003 aquiS,

335 1016 387 1060 te
419 1017 595 1059 tamen
624 1006 831 1059 intueor
861 1024 967 1074 quo
999 1007 1108 1058 solo
1140 1014 1350 1075 pectore
1379 1024 1597 1075 possum

408 1087 460 1131 et
489 1087 664 1131 tecum
694 1077 870 1146 gelido
902 1096 1060 1147 saepe
1092 1077 1191 1128 sub
1221 1095 1320 1129 axe
1350 1077 1554 1145 loquor.

337 1148 423 1201 hic
454 1168 532 1211 ee,
565 1157 615 1201 et
645 1148 882 1217 ignoras,
915 1157 967 1201 et
997 1148 1123 1200 ades
1155 1147 1526 1200 celeberrimus
1558 1148 1747 1202 absens

250 1236 308 1274 50
408 1220 567 1287 inque
601 1218 768 1272 Getas
799 1219 974 1272 media
1003 1219 1177 1271 iussus
1209 1218 1276 1271 ab
1308 1218 1439 1271 urbe
1468 1219 1630 1272 venis,

338 1291 499 1343 redde
530 1291 726 1352 vicem,
758 1299 834 1353 et,
865 1290 1117 1359 quoniam
1146 1289 1293 1359 regio
1324 1289 1527 1342 felicior
1555 1290 1656 1341 ista
1687 1298 1781 1352 est,

408 1361 526 1414 istic
555 1380 639 1429 me
670 1361 891 1415 memori
920 1370 1132 1431 pectore
1165 1378 1372 1430 semper
1400 1360 1554 1414 habe.

1134 1474 1241 1525 XI.

339 1574 461 1625 Hoc
492 1573 610 1636 tibi,
641 1572 806 1635 Rufe,
838 1572 986 1626 brevi
1016 1582 1352 1643 properatum
1383 1581 1618 1642 tempore
1649 1573 1808 1625 mittit
1844 1571 1945 1615 ΕΠ
1949 1571 1990 1615 F
1996 1571 2047 1615 0·

410 1643 579 1706 Naso,
610 1663 799 1713 parum
828 1643 1035 1697 faustae
1065 1644 1302 1697 conditor
1333 1643 1505 1706 Artis,
1536 1662 1692 1713 opus:

339 1723 423 1776 ut,
455 1732 777 1782 quamquam
807 1715 965 1782 longe
995 1724 1104 1766 toto
1137 1733 1318 1766 sumus
1351 1714 1477 1766 orbe
1509 1714 1712 1777 remoti,

411 1785 545 1838 scire
576 1794 752 1838 tamen
782 1785 950 1854 possis
981 1804 1077 1837 nos
1109 1784 1409 1838 meminisse
1441 1784 1534 1836 tui.

281 1874 309 1912 5
340 1855 566 1908 nominis
598 1865 718 1908 ante
748 1856 854 1908 mei
884 1856 1095 1908 venient
1125 1856 1321 1908 oblivia
1350 1855 1520 1915 nobis,

411 1936 622 1996 pectore
652 1944 812 1994 quam
842 1926 1009 1995 pietas
1047 1926 1113 1978 sit
1142 1935 1235 1978 tua
1264 1926 1418 1996 pulsa
1449 1943 1583 1978 meo,

342 2006 392 2050 et
423 1997 567 2066 prius
599 1997 735 2049 hanc
766 1997 997 2048 animam
1027 2015 1222 2049 vacuas
1253 1996 1533 2048 reddemus
1564 1996 1618 2048 in
1650 2016 1820 2058 aurae,

412 2087 571 2136 quam
601 2068 693 2120 fiat
721 2068 894 2120 meriti
923 2068 1095 2137 gratia
1125 2087 1261 2120 vana
1290 2067 1383 2119 tui.

340 2138 542 2209 grande
572 2157 703 2191 voco
734 2139 976 2191 lacrimas
1008 2139 1275 2221 meritum,
1306 2138 1500 2206 quibus
1532 2156 1624 2190 ora
1654 2137 1886 2208 rigabaS,

259 2230 312 2268 10
415 2228 537 2262 cum
565 2229 686 2262 mea
715 2219 958 2263 concreto
991 2210 1129 2263 sicca
1160 2210 1339 2262 dolore
1370 2208 1559 2261 forent.

341 2280 542 2350 grande
573 2299 706 2333 voco
735 2280 978 2333 meritum
1010 2290 1239 2333 maestae
1271 2280 1465 2332 solacia
1494 2280 1701 2342 mentis,

415 2370 537 2403 cum
567 2352 762 2422 pariter
790 2351 944 2404 nobis
973 2351 1064 2403 illa
1093 2351 1293 2419 tibique
1326 2351 1494 2403 dares.

344 2432 529 2491 sponte
561 2423 774 2490 quidem
805 2441 899 2491 per
929 2440 1090 2490 seque
1120 2441 1238 2474 mea
1269 2431 1348 2474 est
1376 2421 1655 2474 laudabilis
1688 2439 1845 2474 uxor:

415 2493 687 2545 admonitu
716 2493 901 2545 melior
930 2493 989 2544 fit
1018 2501 1194 2545 tamen
1223 2492 1312 2544 illa
1341 2500 1451 2544 tuo·

259 2583 313 2621 15
344 2582 573 2631 namque
604 2563 747 2631 quod
779 2563 1096 2615 Hermiones
1128 2561 1320 2615 Castor
1348 2562 1474 2624 fuit,
1505 2562 1708 2614 Hector
1736 2562 1857 2625 Iuli,

416 2634 514 2686 hoc
545 2652 644 2703 ego
675 2643 726 2686 te
757 2634 922 2685 laetor
951 2634 1189 2703 coniugis
1221 2652 1335 2686 esse
1365 2652 1530 2686 meae.

345 2723 481 2774 quae
491 2743 505 2767 ‚
537 2723 604 2758 ne
636 2704 900 2757 dissimilis
931 2704 1026 2756 tibi
1057 2705 1147 2766 sit,
1178 2704 1439 2774 probitate
1469 2703 1671 2756 laborat

417 2793 578 2844 seque
608 2776 686 2828 tui
715 2775 824 2828 vita
854 2775 1125 2845 sanguinis
1155 2794 1270 2828 esse
1299 2775 1504 2845 probat.

347 2865 473 2916 ergo
504 2846 647 2915 quod
676 2846 850 2900 fuerat
881 2846 1102 2899 stimulis
1133 2845 1338 2898 factura
1369 2845 1480 2899 sine
1510 2845 1647 2908 ullis,

252 2935 317 2975 *20
416 2917 622 2987 plenius
654 2927 922 2972 auctorem
951 2927 1004 2970 te
1035 2935 1246 2986 quoque
1276 2925 1469 2970 nancta
1498 2916 1641 2968 facit.

347 3006 474 3042 acer
497 2997 548 3042 et
577 2988 647 3041 ad
676 2988 883 3059 palmae
912 3007 1006 3059 per
1035 3007 1091 3042 se
1121 3007 1370 3042 cursurus
1400 2987 1642 3050 honoreS,

419 3060 463 3111 si
493 3069 671 3113 tamen
700 3058 945 3122 horteriS,
976 3059 1162 3112 fortius
1193 3059 1291 3111 ibit
1321 3076 1507 3128 equus.

347 3130 506 3193 adde,
538 3131 681 3198 quod
711 3130 942 3184 absentis
973 3149 1100 3183 cura
1129 3130 1378 3183 mandata
1407 3128 1549 3181 fideli

417 3201 623 3269 perficis
655 3210 706 3254 et
735 3202 940 3253 nullum
969 3200 1106 3254 ferre
1136 3201 1373 3270 gravaris
1404 3216 1554 3252 Onne.

261 3288 317 3327 25
349 3289 379 3323 o
410 3271 640 3324 referant
669 3280 868 3342 grateS‚
900 3271 1149 3339 quoniam
1179 3290 1285 3326 11011
1315 3288 1594 3340 possumus
1625 3270 1742 3339 ipsi,

422 3342 475 3393 di
504 3341 600 3394 tibi
629 3316 746 3410 (qui
774 3342 1025 3404 referent,
1058 3341 1101 3394 si
1130 3342 1218 3410 pia
1247 3341 1389 3393 facta
1419 3340 1646 3422 vident)3

350 3412 682 3480 sufficiatque
712 3411 803 3464 diu
834 3430 1023 3481 corpus
1053 3429 1264 3479 quoque
1294 3410 1527 3463 moribus
1559 3411 1689 3473 istie,

418 3482 648 3536 maxima
676 3482 924 3540 Fundani
953 3483 1145 3553 gloria,
1178 3481 1344 3545 Rufe,
1377 3481 1495 3535 soli!
