2158 3906
368 326 472 383 130
919 314 974 381 P'.
1008 337 1216 383 ovmn
1244 337 1515 384 NAsoms

367 439 526 507 inque
556 457 701 492 meos
733 439 775 491 si
806 456 910 490 non
940 438 1208 491 lacrimam
1241 439 1501 492 dimittere
1533 459 1702 504 casus,

285 527 339 566 20
441 528 610 579 pauca
640 519 814 560 tamen
846 508 967 560 ficto
999 509 1161 562 verba
1191 509 1368 562 dolore
1396 510 1560 577 loqui,

368 580 549 654 idque,
580 579 721 646 quod
750 578 920 647 ignoti
950 579 1173 642 faciunt,
1204 581 1289 633 vel
1319 580 1493 634 dicere
1524 581 1710 634 saltem

442 659 492 702 et
522 668 705 701 vocem
735 649 917 718 populi
946 650 1265 719 publicaque
1295 669 1388 703 ora
1417 652 1596 719 sequi?

369 721 594 787 denique
624 719 876 789 lugubres
907 721 1082 773 vultus
1113 740 1509 790 numquamque
1539 723 1798 776 videndos

441 809 650 843 cerneie
682 809 950 860 suprem0,
983 791 1110 843 dum
1140 792 1417 860 licuitque,
1449 793 1550 855 die,

286 879 339 917 25
372 861 756 943 dicendumque
789 862 949 914 semel
980 871 1090 914 toto
1120 881 1226 915 non
1257 863 1482 932 amplius
1514 882 1644 917 aevo

443 931 678 1001 accipere
710 941 761 985 et
792 931 942 1002 parili
972 933 1191 986 reddere
1221 952 1352 986 voce
1384 933 1548 986 ‘vale’
1560 935 1584 986 ’ἓ

372 1012 425 1055 at
455 1003 627 1055 fecere
658 1003 745 1054 alii
773 1004 918 1055 nullo
949 1003 1077 1056 mihi
1107 1004 1320 1057 foedere
1349 1005 1531 1066 iuncti,

443 1083 494 1125 et
522 1073 763 1126 lacrimas
795 1074 955 1126 animi
987 1075 1138 1143 signa
1169 1075 1359 1128 dedere
1392 1075 1490 1128 sui.

371 1143 522 1212 quid,
554 1144 655 1196 nisi
686 1145 930 1198 convictu
962 1146 1239 1214 causisque
1270 1146 1568 1199 valentibus
1599 1166 1769 1201 essem

288 1232 342 1271 30
443 1216 691 1296 temporis
724 1225 775 1269 et
803 1216 949 1286 longi
979 1217 1185 1269 vinctus
1216 1236 1394 1270 amore
1424 1217 1551 1270 tibi?

373 1285 523 1353 quid,
553 1286 655 1338 nisi
684 1295 762 1339 tot
790 1287 937 1340 lusus
968 1296 1020 1340 et
1050 1297 1125 1340 tot
1155 1307 1274 1341 mea
1305 1288 1440 1341 seria
1468 1307 1669 1352 1108868,

443 1366 520 1409 tot
549 1376 759 1410 nossem
788 1358 936 1411 lusus
967 1358 1205 1427 seriaque
1234 1359 1347 1428 ipse
1378 1359 1500 1412 tua?

372 1427 523 1496 quid,
556 1429 599 1480 si
631 1429 886 1482 duntaxat
915 1430 1117 1482 Romae
1148 1430 1244 1482 tibi
1273 1430 1515 1499 cognitus
1546 1449 1734 1494 essem,

444 1499 636 1551 ascitus
661 1500 857 1581 ‘totiens
886 1499 940 1551 in
971 1520 1138 1570 genus
1169 1519 1323 1554 omne
1352 1501 1487 1553 loci?

289 1586 342 1625 35
375 1578 631 1623 cunctane
659 1570 715 1622 in
744 1588 1032 1639 aequoreos
1064 1571 1306 1624 abierunt
1334 1571 1481 1624 irrita
1510 1571 1727 1624 ventos?

445 1652 700 1694 cunctane
731 1641 979 1694 Lethaeis
1012 1661 1183 1695 mersa
1213 1643 1453 1695 feruntur
1483 1642 1664 1710 aquis?

372 1729 479 1763 non
510 1730 609 1781 ego
639 1721 691 1764 te
721 1713 960 1782 genitum
989 1713 1197 1782 placida
1226 1731 1345 1766 reor
1373 1713 1504 1766 urbe
1537 1712 1764 1778 Quirini,

444 1782 597 1844 urbe,
628 1802 746 1835 meo
777 1801 912 1850 quae
943 1784 1047 1836 iam
1079 1803 1185 1836 non
1215 1784 1459 1836 adeunda
1488 1784 1622 1853 pede
1653 1795 1749 1844 est,

375 1853 467 1904 sed
499 1854 750 1922 scopulis,
781 1854 943 1906 Ponti
973 1872 1104 1922 quos
1135 1855 1267 1907 haec
1296 1854 1457 1906 habet
1487 1872 1579 1906 ora
1609 1853 1823 1915 sinistri,

287 1940 343 1977 40
443 1923 602 1992 inque
631 1924 755 1977 feris
789 1923 1039 1994 Scythiae
1072 1924 1485 1992 Sarmaticisque
1514 1924 1677 1994 iugis:

375 2003 425 2046 et
455 2003 549 2047 tua
579 2004 700 2047 sunt
730 1996 887 2047 silicis
918 1995 1116 2049 circum
1145 1996 1453 2065 praecordia
1483 2015 1668 2059 venae,

447 2074 499 2118 et
528 2065 757 2134 rigidum
787 2066 912 2119 ferri
941 2067 1174 2137 tegmina
1203 2075 1386 2136 pectus
1415 2067 1599 2119 habet:

374 2154 615 2204 quaeque
646 2136 742 2188 tibi
771 2146 950 2190 tenero
981 2138 1249 2206 quondam
1280 2138 1521 2191 ducenda
1550 2138 1726 2208 palato

443 2208 599 2276 plena
631 2207 774 2260 dedit
803 2208 979 2260 nutrix
1009 2209 1196 2272 ubera,
1228 2208 1378 2278 tigris
1410 2217 1542 2262 erat.

288 2293 342 2330 45
375 2288 466 2330 aut
495 2279 634 2330 mala
663 2288 842 2331 nostra
871 2279 1070 2342 minus,
1102 2298 1263 2348 quam
1292 2298 1457 2343 nunc,
1489 2280 1658 2333 aliena
1686 2287 1921 2350 putareS,

447 2348 773 2417 duritiaeque
802 2350 932 2402 mihi
961 2369 1068 2402 non
1099 2369 1314 2419 agerere
1343 2370 1482 2403 16118.

376 2419 469 2471 86(1
500 2420 748 2487 quoniam
779 2421 981 2473 accedit
1011 2421 1259 2473 fatalibus
1288 2421 1388 2474 1100
1419 2439 1631 2489 quoque
1662 2420 1888 2483 damnis,

445 2499 503 2541 ut
535 2499 747 2543 careant
780 2491 1012 2544 numeris
1043 2501 1282 2561 tempora
1311 2491 1481 2561 prima
1511 2492 1637 2555 suis,

300 2609 303 2612 ,
378 2559 551 2622 effice,
582 2562 785 2629 peccati
813 2581 879 2614 ne
911 2562 1008 2614 sim
1037 2580 1240 2615 memor
1268 2562 1448 2625 huius,
1481 2571 1534 2615 et
1561 2563 1650 2615 illo

291 2647 345 2685 50
448 2631 680 2683 officium
710 2632 945 2695 laudem,
975 2650 1081 2701 quo
1112 2651 1326 2702 queror,
1357 2651 1447 2687 016
1475 2642 1645 2687 tuum.

1169 2745 1275 2798 IX.

375 2842 550 2897 Detur
580 2844 837 2898 inoffenso
867 2845 1005 2897 vitae
1036 2845 1131 2897 tibi
1161 2854 1379 2914 tangere
1409 2854 1621 2909 metam,

446 2914 539 2982 qui
567 2915 699 2984 legis
728 2915 827 2969 hoc
857 2915 1009 2968 nobis
1038 2934 1143 2968 non
1173 2916 1415 2968 inimicus
1445 2934 1594 2987 opus.

377 2994 535 3053 atque
565 2987 767 3038 utinam
797 3005 892 3056 pro
923 2996 974 3040 te
1004 2987 1206 3056 possint
1236 3006 1354 3040 mea
1383 2995 1508 3039 vota
1538 2988 1730 3050 valere,

448 3074 583 3123 quae
613 3076 707 3126 pro
738 3077 822 3109 me
854 3057 1012 3110 duros
1042 3076 1149 3110 non
1178 3058 1398 3127 tetigere
1429 3057 1578 3110 deos!

321 3143 344 3181 5
378 3127 544 3178 donec
576 3128 675 3179 eris
705 3127 856 3189 felix,
886 3128 1080 3180 multos
1111 3128 1414 3181 numerabis
1445 3128 1666 3180 amicos:

446 3206 684 3266 tempora
715 3198 757 3250 si
787 3199 982 3250 fuerint
1011 3199 1215 3259 nubila,
1247 3199 1389 3250 solus
1419 3198 1538 3251 eris·

378 3267 591 3336 aspicis,
623 3277 682 3319 ut
713 3269 925 3321 veniant
955 3268 1023 3320 ad
1053 3268 1276 3320 candida
1305 3277 1443 3320 tecta
1473 3269 1767 3332 columbae,

447 3337 670 3406 accipiat
699 3339 869 3390 nullas
900 3338 1111 3390 sordida
1141 3338 1296 3391 turris
1329 3339 1485 3391 aves?

378 3408 564 3460 horrea
594 3408 843 3461 formicae
875 3409 1096 3462 tendunt
1126 3410 1194 3460 ad
1222 3409 1399 3461 inania
1428 3428 1742 3479 numquam:

295 3496 347 3535 10
449 3479 623 3531 nullus
656 3479 722 3531 ad
754 3479 972 3532 amissas
1002 3480 1098 3532 ibit
1128 3480 1326 3533 amicus
1358 3498 1500 3549 opes.
