2158 3906
477 326 792 374 'rms'rmM
819 326 943 372 121ss.
973 326 1012 372 1.
1044 326 1132 384 111,
1163 327 1335 384 55-v,
1366 328 1408 372 s,

90 439 145 488 et
174 428 402 484 voluisse
432 427 590 491 mori,
622 428 894 482 moriendo
924 447 1118 499 ponere
1149 447 1350 491 sensus,

163 509 511 623 respectuque
543 507 720 552 tamen
750 518 856 552 non
887 499 1115 552 voluisse
1146 499 1264 552 mei.

93 570 236 627 vivat

163 639 308 697 vivat
335 648 395 693 ut
424 639 620 694 auxilio
651 640 892 694 sublevet
923 658 1091 709 usque
1124 659 1235 693 suc.

896 753 994 807 IV.

88 853 377 924 Tinguitur
407 850 628 906 Oceano
659 861 836 906 custos
867 851 1279 922 Erymanthidos
1311 852 1485 907 Ursae

162 941 555 993 aequoreasque
587 941 682 976 suo
715 923 883 976 sidere
914 923 1091 976 turbat
1121 942 1302 992 aquas.

46 1013 63 1042 ἑ
89 1013 186 1050 nos
215 1003 392 1049 tamen
421 994 634 1047 Ionium
663 1012 769 1047 non
799 1003 976 1047 nostra
1006 994 1251 1046 findimus
1283 1013 1482 1063 aequor

16 1087 17 1091 ¹
59 1119 75 1134 ‚
162 1074 374 1137 sponte,
406 1064 499 1120 sed
529 1065 755 1119 audaces
788 1065 1026 1135 cogimur
1056 1084 1170 1118 esse
1203 1075 1363 1118 metu.

54 1142 176 1193 fme
205 1135 482 1201 miseruml
514 1136 723 1205 quantis
754 1136 1059 1205 nigrescunt
1088 1153 1318 1203 aequora
1349 1136 1535 1199 ventis,

55 1214 64 1221 “
161 1217 415 1277 erutaque
448 1226 513 1260 ex
543 1206 661 1259 imis
692 1206 861 1260 fervet
891 1205 1087 1259 harena
1117 1206 1281 1267 fretis,

14 1303 15 1349 j
48 1286 76 1340 ,ἴ
88 1286 271 1333 monte
300 1296 398 1332 nec
427 1277 644 1331 inferior
672 1295 858 1347 prorae
890 1276 1162 1346 puppique
1195 1294 1446 1328 recurvae

14 1391 15 1397 ,
161 1348 323 1402 insilit
353 1358 405 1402 et
433 1348 600 1419 pictos
633 1347 874 1401 verberat
905 1347 1047 1399 unda
1078 1346 1220 1399 deos,

68 1419 245 1493 'pinea
274 1428 418 1473 texta
449 1427 637 1473 sonant
666 1418 844 1488 pulsu,
875 1417 1096 1470 stridore
1127 1416 1391 1480 rudentes,

14 1498 15 1546 ζ
162 1490 395 1561 adgemit
425 1500 477 1543 et
506 1489 695 1543 nostris
727 1489 841 1611 {psa
872 1487 1050 1540 carina
1081 1487 1247 1542 malis.

13 1573 34 1589 ·‘
87 1560 292 1623 navita,
324 1561 594 1614 confessus
625 1559 729 1629 geli
772 1578 859 1611 um
891 1559 1088 1629 pallore
1120 1557 1376 1619 timorem,

158 1632 264 1686 iam
294 1631 531 1701 sequitur
561 1630 754 1693 victus,
787 1648 883 1682 nec
915 1648 969 1682 re
1012 1628 1050 1681 it
1081 1640 1191 1682 arte
1223 1640 1406 1682 ratem.

14 1730 15 1734 ¹
92 1711 256 1773 utque
285 1721 472 1786 parum
503 1701 708 1755 validus
739 1719 844 1765 non
875 1719 970 1771 pro
1011 1699 1201 1754 cientia
1233 1712 1402 1753 rector

161 1774 378 1828 cervicis
407 1772 608 1844 rigidae
640 1772 790 1825 frena
820 1771 1033 1825 remittit
1067 1789 1220 1840 equ0‚

13 1839 15 1851 '
87 1844 164 1899 sic
191 1863 299 1898 non
329 1862 433 1913 quo
464 1843 654 1906 voluit,
686 1843 778 1897 sed
810 1861 914 1911 quo
945 1842 1080 1913 rapit
1110 1842 1339 1913 impetus
1371 1841 1565 1905 undae,

161 1915 401 1986 aurigam
432 1914 585 1968 video
616 1913 734 1967 vela
765 1913 971 1966 dedisse
1003 1913 1117 1966 rati.

87 1986 233 2057 quod
261 1986 364 2048 nisi
393 1994 622 2038 mutatas
653 1983 883 2038 emiserit
911 1985 1114 2037 Aeolus
1146 2004 1318 2047 auras,

160 2057 217 2110 in
245 2057 361 2110 loca
389 2057 496 2109 iam
525 2055 677 2108 nobis
708 2073 814 2108 non
845 2054 1088 2108 adeunda
1118 2056 1280 2108 ferar:

87 2127 197 2183 iam
225 2114 632 2199 procul'Illyriis
663 2127 814 2179 laeva
844 2125 908 2178 de
940 2135 1088 2195 parte
1119 2125 1312 2179 relictis

159 2198 436 2252 interdicta
465 2197 594 2250 mihi
624 2197 852 2250 cernitur
881 2195 1057 2249 Italia1

87 2269 292 2324 desinat
323 2269 377 2321 in
406 2268 594 2322 vetitas
625 2285 822 2336 quaeso
854 2266 1170 2320 contendere
1202 2276 1365 2320 terras

163 2349 214 2394 et
242 2358 452 2393 mecum
483 2357 678 2409 magno
708 2347 891 2408 pareat
922 2338 1065 2390 unda
1096 2338 1210 2390 deo,

89 2409 218 2465 dum
245 2411 434 2479 loquor
463 2419 515 2464 et
545 2410 700 2492 cupio
731 2409 927 2479 pariter
956 2409 1222 2477 timeoque
1253 2408 1451 2471 revelli,

54 2505 84 2517 κν
160 2481 420 2552 increpuit
449 2491 658 2550 quantis
690 2480 890 2532 viribus
921 2480 1064 2532 unda
1094 2478 1255 2532 latusi

89 2552 287 2624 parcite
317 2552 545 2606 caerulei
573 2570 668 2605 vos
700 2551 886 2604 saltem
915 2551 1132 2603 numina
1161 2550 1327 2621 ponti,

160 2622 517 2692 infestumque
547 2622 677 2675 mihi
707 2622 773 2675 sit
804 2622 926 2674 satis
960 2641 1073 2675 esse
1105 2622 1304 2674 Iovem.

90 2710 186 2748 vos
215 2694 446 2747 animam
475 2711 664 2747 saevae
693 2693 889 2746 fessam
919 2692 1197 2745 subducite
1228 2691 1399 2755 morti,

161 2763 206 2817 si
234 2764 418 2828 mod0,
448 2763 541 2834 qui
569 2763 749 2834 periit,
779 2781 886 2816 non
916 2763 1134 2833 periisse
1165 2762 1359 2833 potest!

907 2876 977 2930 V.

91 2973 146 3031 Ο
174 2975 305 3030 mihi
334 2985 454 3047 post
481 2976 617 3029 ullos
646 2993 935 3044 numquam
968 2973 1307 3027 memorande
1340 2975 1564 3038 sodaleS,

161 3065 193 3100 o
223 3048 310 3101 cui
340 3047 623 3118 praecipue
654 3064 765 3100 sors
797 3065 916 3100 mea
946 3045 1060 3098 visa
1089 3064 1187 3098 sua
1217 3045 1318 3098 est!

92 3118 371 3179 attonitum
401 3117 493 3187 qui
523 3137 632 3181 me,
665 3117 902 3178 memini,
934 3115 1226 3179 carissime,
1256 3115 1459 3186 primus

165 3207 324 3242 ausus
355 3207 411 3242 es
442 3188 689 3258 adloquio
721 3188 1030 3241 sustinuisse
1062 3196 1170 3250 tu0,

93 3257 186 3327 qui
214 3259 342 3312 mihi
371 3259 648 3313 consilium
677 3259 890 3312 vivendi
919 3258 1047 3311 mite
1079 3258 1285 3321 dedisti,

166 3347 286 3383 cum
315 3330 452 3383 foret
480 3331 535 3383 in
565 3331 756 3384 misero
787 3339 998 3401 pectore
1029 3329 1210 3382 mortis
1241 3347 1404 3383 amor.

93 3399 198 3453 scis
228 3400 386 3463 bene,
417 3401 504 3454 cui
535 3401 732 3464 dicam,
763 3401 947 3472 positis
978 3418 1074 3471 pro
1104 3400 1315 3454 nomine
1346 3400 1527 3471 signiS‚

167 3470 401 3524 officium
431 3489 528 3525 nec
558 3481 610 3526 te
640 3472 772 3526 fallit
782 3510 796 3535 ‚
828 3472 1018 3536 amice,
1050 3480 1216 3523 tuum.

290 578 343 624 et
373 569 645 624 absentem
676 598 748 607 —
778 570 1026 638 quoniam
1059 570 1132 622 sic
1163 571 1273 622 fata
1304 570 1536 624 tulerunt
1563 599 1637 611 —-

1699 314 1804 370 125

1835 518 1917 557 100

1834 1504 1890 1544 10

1838 1860 1889 1898 15

1831 2214 1889 2253 20

1833 2569 1888 2607 25
