2158 3906
359 322 711 371 FASTORUM
739 323 860 369 LIB.
890 324 979 369 111.
1010 324 1252 370 861—884.
1285 324 1369 371 lv.
1401 325 1553 371 1—56.

107 425 345 485 venimus
373 424 444 479 ad
473 434 743 495 quartum,
774 444 881 495 quo
912 435 969 479 tu
1002 426 1343 480 celeberrima
1372 444 1571 481 mense.

179 506 232 553 et
258 504 434 550 vatem
463 505 516 549 et
544 515 778 550 mensem
809 497 933 559 scis,
964 497 1175 560 Venus,
1206 516 1321 551 esse
1351 497 1505 550 tuos.'

107 577 250 624 mota
279 564 598 638 Cytheriaca
626 567 812 621 leviter
842 587 961 621 mea
990 577 1229 638 tempora
1258 577 1431 638 myrto

47 662 49 664 ·
136 656 142 668 ·
177 637 398 709 contigit
427 646 480 691 et
510 642 782 708 ‘coeptum
812 638 1027 708 perfice'
1060 639 1191 692 dixit
1223 639 1413 710 ‘opus.'

106 709 389 772 sensimus,
420 717 474 767 et
502 726 694 762 causae
725 709 899 762 subito
926 718 1147 792 patuere
1179 710 1401 763 dierum.

178 780 305 834 dum
333 779 456 833 licet
486 788 538 833 et
568 780 770 850 spirant
798 780 1037 843 flamma,
1069 781 1219 834 navis
1249 781 1357 835 eatl

104 850 154 907 si
217 869 287 904 ua
315 858 492 905 tamen
520 868 643 921 pars
675 859 726 904 te
756 850 822 905 de
853 851 1002 904 fastis
1034 861 1251 922 tangere
1282 852 1455 916 debet,

230 940 402 986 aesar,
432 921 488 974 in
517 921 716 992 Aprili,
747 939 852 991 quo
884 923 1135 986 tenearis,
1166 922 1345 977 habes.

105 991 193 1047 hic
223 992 291 1046 ad
321 1002 372 1047 te
402 1010 598 1063 magna
628 993 899 1047 descendit
928 994 1160 1064 imagine
1190 995 1386 1048 mensis

62 1125 68 1132 ὁ
179 1073 231 1118 et
259 1063 319 1116 fit
349 1063 601 1146 adoptiva
629 1064 901 1118 nobilitate
931 1076 1071 1117 tuus.

64 1156 65 1159 ¹
103 1133 207 1188 hoc
276 1143 388 1189 ater
416 1134 636 1198 Iliades,
667 1153 789 1188 cum
818 1135 1038 1205 longum
1068 1135 1319 1188 scriberet
1349 1154 1564 1198 annum,

56 1268 60 1276 ¹
177 1204 230 1259 vi
266 1205 332 1274 it,
363 1213 416 1259 et
445 1214 685 1258 auctores
715 1206 914 1258 rettulit
943 1206 1056 1275 ipse
1087 1223 1226 1258 suos.

54 1307 57 1310 ·
102 1283 269 1346 utque
298 1274 412 1330 fero
440 1275 606 1328 Marti
635 1275 858 1345 primam
888 1275 1032 1329 dedit
1061 1275 1243 1328 ordine
1274 1284 1485 1339 sortem,

176 1345 319 1417 quod
348 1344 449 1399 sibi
477 1345 728 1399 nascendi
757 1346 998 1416 proxima
1027 1364 1188 1399 causa
1218 1345 1340 1398 fuit:

103 1416 182 1472 sic
211 1417 473 1472 Venerem
504 1416 758 1487 gradibus
788 1417 966 1469 multis
996 1416 1050 1469 in
1079 1428 1238 1486 gente
1269 1427 1534 1487 repertam

178 1487 391 1543 alterius
420 1487 589 1545 voluit
618 1487 811 1542 mensis
843 1488 1037 1542 habere
1075 1488 1276 1551 locum;

104 1558 526 1632 principiumque
556 1558 638 1612 sui
666 1558 874 1630 generis
905 1560 1249 1628 revolutaque
1280 1577 1540 1628 quaerens

179 1629 389 1684 saecula
418 1638 671 1700 cognatos
702 1630 846 1684 venit
877 1630 1114 1699 adusque
1146 1629 1289 1684 deos.

106 1699 397 1755 Dardanon
427 1699 641 1755 Electra
669 1701 894 1755 nesciret
923 1701 1197 1755 Atlantide
1229 1712 1413 1755 natum

178 1771 374 1826 scilicet
383 1810 397 1835 ,
410 1770 695 1829 Electram
726 1772 1074 1826 concubuisse
1105 1773 1255 1825 Iovi?

14 1844 15 1848 ’
103 1841 263 1896 huius
293 1842 669 1897 Erichthonius
680 1863 694 1906 3
725 1843 862 1898 Tros
893 1853 973 1898 est
1002 1854 1285 1914 generatus
1317 1843 1385 1896 ab
1416 1844 1530 1908 illo;

176 1914 480 1968 Assaracon
510 1923 653 1968 creat
681 1913 791 1978 hic,
821 1915 1226 1984 Assaracusque
1258 1913 1465 1985 Capyn.

103 1984 378 2055 proximus
407 1984 696 2048 Anchises,
727 2004 850 2039 cum
880 2004 987 2055 quo
1018 2005 1297 2040 commune
1327 1986 1559 2056 parentis

178 2054 600 2126 non-dedignata
630 2066 710 2110 est
738 2075 931 2110 nomen
962 2056 1156 2111 habere
1186 2057 1388 2111 Venus.

106 2125 231 2180 hinc
261 2135 406 2180 satus
436 2127 666 2180 Aeneas·
739 2128 906 2198 pietas
938 2138 1197 2197 spectata:
1228 2146 1323 2197 per
1353 2128 1502 2197 ignes

178 2215 329 2251 saera
356 2206 665 2268 patremque
695 2199 914 2262 umeris,
944 2199 1107 2252 altera
1137 2217 1309 2262 sacra,
1341 2198 1474 2251 tulit.

9 2336 11 2341 ,
104 2268 347 2325 venimus
377 2267 446 2321 ad
474 2268 603 2322 felix
634 2269 916 2338 aliquando
946 2288 1138 2323 nomen
1169 2270 1290 2333 Iuli,

176 2339 318 2392 unde
349 2339 536 2393 domus
567 2339 801 2393 Teucros
831 2340 968 2392 Iulia
997 2341 1168 2410 tangit
1198 2359 1340 2393 avos

103 2408 393 2464 Postumus
423 2409 568 2464 hinc:
599 2411 691 2478 qui
720 2411 862 2480 quod
893 2411 1035 2464 silvis
1067 2411 1166 2464 fuit
1197 2421 1341 2464 ortus
1373 2411 1427 2464 in
1458 2411 1594 2475 altis,

179 2480 377 2535 Silvius
406 2479 461 2535 in
491 2481 650 2535 Latia
677 2491 835 2552 gente
867 2492 1085 2536 vocatus
1117 2493 1244 2536 erat.

62 2610 66 2613 ,
105 2551 280 2622 isque,
310 2551 528 2616 Latine,
557 2552 655 2605 tibi
683 2563 834 2623 pater
863 2563 957 2606 est.
1034 2554 1175 2607 subit
1204 2554 1348 2606 Alba
1379 2554 1660 2608 Latinum:

103 2671 106 2674 .
177 2623 446 2693 proximus
477 2633 554 2677 est
584 2624 747 2677 titulis
778 2623 1014 2694 Epytus,
1046 2625 1215 2687 Alba,
1245 2625 1366 2677 tuis.

106 2692 194 2747 ille
224 2694 367 2748 dedit
397 2692 570 2765 Capyi
599 2696 821 2765 repetita
851 2697 1111 2749 vocabula
1140 2696 1333 2748 Troiae

178 2774 232 2818 et
265 2774 388 2819 tuus
419 2774 498 2819 est
526 2765 691 2829 idem,
724 2763 970 2836 Calpem,
1001 2767 1173 2819 factus
1204 2786 1352 2819 avus,

105 2852 335 2905 cumque
364 2836 528 2907 patris
558 2855 782 2907 regnum
811 2847 930 2907 post.
960 2837 1101 2890 hunc
1129 2837 1413 2890 Tiberinus
1443 2837 1679 2901 haberet,

178 2906 368 2960 dicitur
395 2907 452 2960 in
481 2907 690 2960 Tuscae
719 2908 929 2978 gurgite
959 2927 1162 2961 mersus
1193 2926 1378 2976 aquae.

106 2974 211 3030 iam
241 2987 420 3031 tamen
448 2978 731 3049 Agrippan
761 2990 944 3031 natum
974 2979 1366 3047 Remulumque
1397 2988 1645 3048 nepotem

178 3048 396 3103 viderat.
468 3049 523 3102 in
552 3049 840 3103 Remulum
869 3050 1092 3103 fulmina
1121 3050 1282 3102 missa
1311 3050 1503 3103 ferunt.

109 3119 251 3174 venit
278 3120 580 3174 Aventinus
610 3130 729 3192 post
758 3120 877 3184 hos,
908 3122 1055 3175 locus
1086 3121 1228 3174 unde
1258 3132 1492 3184 vocatur,

178 3208 329 3244 mons
358 3209 585 3261 quoque.
659 3201 779 3261 post
807 3193 954 3244 illum
986 3192 1176 3245 tradita
1206 3211 1370 3262 regna
1399 3192 1621 3247 Procae.

107 3277 268 3330 quem
297 3263 534 3332 sequitur
562 3263 680 3316 duri
709 3264 956 3317 Numitor
984 3283 1267 3334 germanus
1297 3264 1500 3316 Amuli.

180 3331 281 3386 Ilia
309 3351 431 3387 cum
460 3333 642 3387 Lauso
673 3334 739 3388 de
768 3335 1044 3389 Numitore
1076 3335 1192 3388 sati.

109 3417 237 3457 ense
266 3403 406 3458 cadit
432 3413 621 3475 patruo
650 3405 881 3459 Lausus·
955 3407 1126 3477 placet
1157 3405 1256 3458 Ilia
1284 3406 1466 3470 Marti,

184 3482 341 3544 teque
369 3476 529 3546 parit,
559 3477 770 3547 gemino
801 3478 978 3531 iuncte
1011 3477 1233 3544 Quirine
1265 3478 1451 3531 Remo·

1745 312 1816 366 59

1849 585 1901 626 15

1849 938 1906 979 20

1849 1292 1903 1332 25

1847 1647 1904 1687 30

1844 2002 1900 2043 35

1843 2358 1903 2399 40

1842 2713 1900 2753 45

1845 3069 1903 3109 50

1849 3424 1905 3464 55
