<?xml version="1.0" encoding="UTF-8"?>
<!DOCTYPE html PUBLIC "-//W3C//DTD XHTML 1.0 Transitional//EN"
    "http://www.w3.org/TR/xhtml1/DTD/xhtml1-transitional.dtd">
<html xmlns="http://www.w3.org/1999/xhtml" xml:lang="en" lang="en">
 <head>
  <title>
</title>
<meta http-equiv="Content-Type" content="text/html;charset=utf-8" />
  <meta name='ocr-system' content='tesseract 3.04.00' />
  <meta name='ocr-capabilities' content='ocr_page ocr_carea ocr_par ocr_line ocrx_word'/>
</head>
<body>
  <div class='ocr_page' id='page_1' title='image "./carminaov03oviduoft_0119.png"; bbox 0 0 2158 3906; ppageno 0'>
   <div class='ocr_carea' id='block_1_1' title="bbox 379 336 1821 414">
    <p class='ocr_par' dir='ltr' id='par_1_1' title="bbox 379 336 1821 414">
     <span class='ocr_line' id='line_1_1' title="bbox 379 336 1821 414; baseline -0.003 -20"><span class='ocrx_word' id='word_1_1' title='bbox 379 348 880 414; x_wconf 21' lang='lat' dir='ltr'>FAs&#39;rORUMALm.</span> <span class='ocrx_word' id='word_1_2' title='bbox 913 348 996 395; x_wconf 87' lang='lat' dir='ltr'>iv.</span> <span class='ocrx_word' id='word_1_3' title='bbox 1029 347 1271 394; x_wconf 82' lang='lat'>921—954.</span> <span class='ocrx_word' id='word_1_4' title='bbox 1301 348 1360 394; x_wconf 90' lang='lat' dir='ltr'>v.</span> <span class='ocrx_word' id='word_1_5' title='bbox 1394 348 1547 393; x_wconf 87' lang='lat'>1—50.</span> <span class='ocrx_word' id='word_1_6' title='bbox 1734 336 1821 409; x_wconf 15' lang='lat'>⁷81</span> 
     </span>
    </p>
   </div>
   <div class='ocr_carea' id='block_1_2' title="bbox 101 450 1908 2416">
    <p class='ocr_par' dir='ltr' id='par_1_2' title="bbox 101 450 1908 2416">
     <span class='ocr_line' id='line_1_2' title="bbox 107 450 1506 557; baseline -0.004 -49"><span class='ocrx_word' id='word_1_7' title='bbox 107 452 317 514; x_wconf 83' lang='lat' dir='ltr'>‘dieite,</span> <span class='ocrx_word' id='word_1_8' title='bbox 349 468 485 519; x_wconf 90' lang='lat' dir='ltr'>quae</span> <span class='ocrx_word' id='word_1_9' title='bbox 516 450 688 503; x_wconf 90' lang='lat' dir='ltr'>fontes</span> <span class='ocrx_word' id='word_1_10' title='bbox 720 450 1090 520; x_wconf 84' lang='lat' dir='ltr'>Aganippidos</span> <span class='ocrx_word' id='word_1_11' title='bbox 1121 450 1506 557; x_wconf 73' lang='lat' dir='ltr'>Hippocrenes,</span> 
     </span>
     <span class='ocr_line' id='line_1_3' title="bbox 181 520 1221 594; baseline -0.002 -19"><span class='ocrx_word' id='word_1_12' title='bbox 181 531 334 594; x_wconf 89' lang='lat' dir='ltr'>grata</span> <span class='ocrx_word' id='word_1_13' title='bbox 362 520 645 574; x_wconf 83' lang='lat' dir='ltr'>Medusaei</span> <span class='ocrx_word' id='word_1_14' title='bbox 675 521 828 591; x_wconf 89' lang='lat' dir='ltr'>signa</span> <span class='ocrx_word' id='word_1_15' title='bbox 859 521 1045 574; x_wconf 90' lang='lat' dir='ltr'>tenetis</span> <span class='ocrx_word' id='word_1_16' title='bbox 1076 521 1221 590; x_wconf 89' lang='lat' dir='ltr'>equi.</span> 
     </span>
     <span class='ocr_line' id='line_1_4' title="bbox 108 591 1472 662; baseline -0.003 -14"><span class='ocrx_word' id='word_1_17' title='bbox 108 595 403 649; x_wconf 80' lang='lat' dir='ltr'>dissensere</span> <span class='ocrx_word' id='word_1_18' title='bbox 435 591 582 644; x_wconf 91' lang='lat' dir='ltr'>deae.</span> <span class='ocrx_word' id='word_1_19' title='bbox 657 610 881 660; x_wconf 88' lang='lat' dir='ltr'>quarum</span> <span class='ocrx_word' id='word_1_20' title='bbox 912 591 1270 661; x_wconf 84' lang='lat' dir='ltr'><strong>Polyhymnia</strong></span> <span class='ocrx_word' id='word_1_21' title='bbox 1298 591 1472 662; x_wconf 88' lang='lat' dir='ltr'>coepit</span> 
     </span>
     <span class='ocr_line' id='line_1_5' title="bbox 181 662 1908 735; baseline 0.001 -18"><span class='ocrx_word' id='word_1_22' title='bbox 181 663 352 735; x_wconf 90' lang='lat' dir='ltr'>prima</span> <span class='ocrx_word' id='word_1_23' title='bbox 379 693 452 700; x_wconf 92' lang='lat'><strong>—</strong></span> <span class='ocrx_word' id='word_1_24' title='bbox 482 662 636 715; x_wconf 91' lang='lat' dir='ltr'>silent</span> <span class='ocrx_word' id='word_1_25' title='bbox 667 662 798 715; x_wconf 91' lang='lat' dir='ltr'>aliae</span> <span class='ocrx_word' id='word_1_26' title='bbox 831 662 1076 731; x_wconf 89' lang='lat' dir='ltr'>dictaque</span> <span class='ocrx_word' id='word_1_27' title='bbox 1105 672 1281 716; x_wconf 89' lang='lat' dir='ltr'>mente</span> <span class='ocrx_word' id='word_1_28' title='bbox 1311 672 1495 716; x_wconf 90' lang='lat' dir='ltr'>notant</span> <span class='ocrx_word' id='word_1_29' title='bbox 1523 683 1617 715; x_wconf 72' lang='grc' dir='ltr'>-ε</span> <span class='ocrx_word' id='word_1_30' title='bbox 1855 682 1908 720; x_wconf 92' lang='lat'>10</span> 
     </span>
     <span class='ocr_line' id='line_1_6' title="bbox 109 732 1751 807; baseline -0.001 -19"><span class='ocrx_word' id='word_1_31' title='bbox 109 741 258 807; x_wconf 82' lang='lat' dir='ltr'>‘post</span> <span class='ocrx_word' id='word_1_32' title='bbox 286 733 470 796; x_wconf 90' lang='lat' dir='ltr'>chaos,</span> <span class='ocrx_word' id='word_1_33' title='bbox 501 742 560 785; x_wconf 93' lang='lat' dir='ltr'>ut</span> <span class='ocrx_word' id='word_1_34' title='bbox 590 732 819 802; x_wconf 91' lang='lat' dir='ltr'>primum</span> <span class='ocrx_word' id='word_1_35' title='bbox 849 733 973 786; x_wconf 89' lang='lat' dir='ltr'>data</span> <span class='ocrx_word' id='word_1_36' title='bbox 1003 743 1125 786; x_wconf 91' lang='lat' dir='ltr'>sunt</span> <span class='ocrx_word' id='word_1_37' title='bbox 1154 733 1255 786; x_wconf 89' lang='lat' dir='ltr'>tria</span> <span class='ocrx_word' id='word_1_38' title='bbox 1285 751 1506 804; x_wconf 88' lang='lat' dir='ltr'>corpora</span> <span class='ocrx_word' id='word_1_39' title='bbox 1533 733 1751 796; x_wconf 88' lang='lat' dir='ltr'>mundo,</span> 
     </span>
     <span class='ocr_line' id='line_1_7' title="bbox 181 803 1380 875; baseline -0.002 -16"><span class='ocrx_word' id='word_1_40' title='bbox 181 805 342 875; x_wconf 90' lang='lat' dir='ltr'>inque</span> <span class='ocrx_word' id='word_1_41' title='bbox 371 822 536 857; x_wconf 90' lang='lat' dir='ltr'>novas</span> <span class='ocrx_word' id='word_1_42' title='bbox 567 803 768 874; x_wconf 86' lang='lat' dir='ltr'>species</span> <span class='ocrx_word' id='word_1_43' title='bbox 799 822 954 858; x_wconf 91' lang='lat' dir='ltr'>omne</span> <span class='ocrx_word' id='word_1_44' title='bbox 984 804 1199 858; x_wconf 79' lang='lat' dir='ltr'>recessit</span> <span class='ocrx_word' id='word_1_45' title='bbox 1229 822 1380 875; x_wconf 90' lang='lat' dir='ltr'>opus,</span> 
     </span>
     <span class='ocr_line' id='line_1_8' title="bbox 107 875 1462 948; baseline -0.001 -18"><span class='ocrx_word' id='word_1_46' title='bbox 107 875 344 948; x_wconf 88' lang='lat' dir='ltr'>pondere</span> <span class='ocrx_word' id='word_1_47' title='bbox 373 884 513 929; x_wconf 84' lang='lat' dir='ltr'>terra</span> <span class='ocrx_word' id='word_1_48' title='bbox 544 893 638 927; x_wconf 91' lang='lat' dir='ltr'>suo</span> <span class='ocrx_word' id='word_1_49' title='bbox 669 875 907 928; x_wconf 86' lang='lat' dir='ltr'>subsedit</span> <span class='ocrx_word' id='word_1_50' title='bbox 937 884 989 928; x_wconf 93' lang='lat' dir='ltr'>et</span> <span class='ocrx_word' id='word_1_51' title='bbox 1019 893 1251 943; x_wconf 88' lang='lat' dir='ltr'>aequora</span> <span class='ocrx_word' id='word_1_52' title='bbox 1280 875 1462 929; x_wconf 85' lang='lat' dir='ltr'>traxit:</span> 
     </span>
     <span class='ocr_line' id='line_1_9' title="bbox 183 946 1318 1001; baseline -0.003 0"><span class='ocrx_word' id='word_1_53' title='bbox 183 956 237 1001; x_wconf 87' lang='lat' dir='ltr'>at</span> <span class='ocrx_word' id='word_1_54' title='bbox 266 947 471 1001; x_wconf 91' lang='lat' dir='ltr'>eaelum</span> <span class='ocrx_word' id='word_1_55' title='bbox 500 946 687 999; x_wconf 89' lang='lat' dir='ltr'>levitas</span> <span class='ocrx_word' id='word_1_56' title='bbox 717 946 771 998; x_wconf 92' lang='lat' dir='ltr'>in</span> <span class='ocrx_word' id='word_1_57' title='bbox 801 947 918 998; x_wconf 91' lang='lat' dir='ltr'>loca</span> <span class='ocrx_word' id='word_1_58' title='bbox 948 965 1156 998; x_wconf 91' lang='lat' dir='ltr'>summa</span> <span class='ocrx_word' id='word_1_59' title='bbox 1185 946 1318 999; x_wconf 89' lang='lat' dir='ltr'>tulit.</span> 
     </span>
     <span class='ocr_line' id='line_1_10' title="bbox 107 1016 1905 1088; baseline 0.002 -16"><span class='ocrx_word' id='word_1_60' title='bbox 107 1016 208 1073; x_wconf 86' lang='lat' dir='ltr'>Sol</span> <span class='ocrx_word' id='word_1_61' title='bbox 238 1035 450 1088; x_wconf 90' lang='lat' dir='ltr'>quoque</span> <span class='ocrx_word' id='word_1_62' title='bbox 481 1035 603 1070; x_wconf 90' lang='lat' dir='ltr'>cum</span> <span class='ocrx_word' id='word_1_63' title='bbox 633 1017 796 1070; x_wconf 88' lang='lat' dir='ltr'>stellis</span> <span class='ocrx_word' id='word_1_64' title='bbox 826 1017 971 1069; x_wconf 91' lang='lat' dir='ltr'>nulla</span> <span class='ocrx_word' id='word_1_65' title='bbox 1000 1017 1260 1086; x_wconf 87' lang='lat' dir='ltr'>gravitate</span> <span class='ocrx_word' id='word_1_66' title='bbox 1289 1026 1526 1071; x_wconf 88' lang='lat' dir='ltr'>retentus</span> <span class='ocrx_word' id='word_1_67' title='bbox 1853 1036 1905 1075; x_wconf 87' lang='lat'>15</span> 
     </span>
     <span class='ocr_line' id='line_1_11' title="bbox 182 1088 1162 1156; baseline -0.003 -13"><span class='ocrx_word' id='word_1_68' title='bbox 182 1097 236 1143; x_wconf 90' lang='lat' dir='ltr'>et</span> <span class='ocrx_word' id='word_1_69' title='bbox 263 1107 382 1152; x_wconf 90' lang='lat' dir='ltr'>vos,</span> <span class='ocrx_word' id='word_1_70' title='bbox 415 1088 681 1150; x_wconf 90' lang='lat' dir='ltr'>Lunares,</span> <span class='ocrx_word' id='word_1_71' title='bbox 714 1088 993 1151; x_wconf 84' lang='lat' dir='ltr'>exiluistis,</span> <span class='ocrx_word' id='word_1_72' title='bbox 1025 1088 1162 1156; x_wconf 89' lang='lat' dir='ltr'>equi.</span> 
     </span>
     <span class='ocr_line' id='line_1_12' title="bbox 104 1157 1530 1228; baseline -0.002 -15"><span class='ocrx_word' id='word_1_73' title='bbox 104 1160 205 1213; x_wconf 77' lang='lat' dir='ltr'>sed</span> <span class='ocrx_word' id='word_1_74' title='bbox 233 1178 406 1228; x_wconf 79' lang='lat' dir='ltr'>neque</span> <span class='ocrx_word' id='word_1_75' title='bbox 436 1159 603 1212; x_wconf 83' lang='lat' dir='ltr'>Terra</span> <span class='ocrx_word' id='word_1_76' title='bbox 633 1159 723 1211; x_wconf 89' lang='lat' dir='ltr'>diu</span> <span class='ocrx_word' id='word_1_77' title='bbox 755 1157 945 1221; x_wconf 89' lang='lat' dir='ltr'>Cae10‚</span> <span class='ocrx_word' id='word_1_78' title='bbox 975 1177 1073 1211; x_wconf 92' lang='lat' dir='ltr'>nec</span> <span class='ocrx_word' id='word_1_79' title='bbox 1104 1167 1278 1211; x_wconf 90' lang='lat' dir='ltr'>cetera</span> <span class='ocrx_word' id='word_1_80' title='bbox 1307 1158 1530 1211; x_wconf 88' lang='lat' dir='ltr'>Phoebo</span> 
     </span>
     <span class='ocr_line' id='line_1_13' title="bbox 183 1228 1347 1299; baseline -0.003 -16"><span class='ocrx_word' id='word_1_81' title='bbox 183 1230 355 1284; x_wconf 90' lang='lat' dir='ltr'>sidera</span> <span class='ocrx_word' id='word_1_82' title='bbox 385 1230 665 1283; x_wconf 83' lang='lat' dir='ltr'>cedebant:</span> <span class='ocrx_word' id='word_1_83' title='bbox 696 1248 794 1299; x_wconf 89' lang='lat' dir='ltr'>par</span> <span class='ocrx_word' id='word_1_84' title='bbox 823 1239 934 1281; x_wconf 90' lang='lat' dir='ltr'>erat</span> <span class='ocrx_word' id='word_1_85' title='bbox 964 1229 1133 1281; x_wconf 90' lang='lat' dir='ltr'>omnis</span> <span class='ocrx_word' id='word_1_86' title='bbox 1164 1228 1347 1281; x_wconf 87' lang='lat' dir='ltr'>honos.</span> 
     </span>
     <span class='ocr_line' id='line_1_14' title="bbox 103 1298 1507 1372; baseline -0.001 -18"><span class='ocrx_word' id='word_1_87' title='bbox 103 1318 268 1372; x_wconf 79' lang='lat' dir='ltr'>saepe</span> <span class='ocrx_word' id='word_1_88' title='bbox 297 1299 486 1369; x_wconf 88' lang='lat' dir='ltr'>aliquis</span> <span class='ocrx_word' id='word_1_89' title='bbox 517 1300 669 1361; x_wconf 91' lang='lat' dir='ltr'>solio,</span> <span class='ocrx_word' id='word_1_90' title='bbox 702 1299 845 1367; x_wconf 91' lang='lat' dir='ltr'>quod</span> <span class='ocrx_word' id='word_1_91' title='bbox 875 1308 955 1360; x_wconf 92' lang='lat' dir='ltr'>tu,</span> <span class='ocrx_word' id='word_1_92' title='bbox 989 1298 1240 1362; x_wconf 83' lang='lat' dir='ltr'>Saturne,</span> <span class='ocrx_word' id='word_1_93' title='bbox 1272 1299 1507 1362; x_wconf 83' lang='lat' dir='ltr'>tenebas,</span> 
     </span>
     <span class='ocr_line' id='line_1_15' title="bbox 181 1369 1907 1439; baseline -0.003 -14"><span class='ocrx_word' id='word_1_94' title='bbox 181 1389 340 1425; x_wconf 90' lang='lat' dir='ltr'>ausus</span> <span class='ocrx_word' id='word_1_95' title='bbox 371 1370 436 1423; x_wconf 90' lang='lat' dir='ltr'>de</span> <span class='ocrx_word' id='word_1_96' title='bbox 466 1369 642 1424; x_wconf 91' lang='lat' dir='ltr'>media</span> <span class='ocrx_word' id='word_1_97' title='bbox 670 1370 825 1439; x_wconf 91' lang='lat' dir='ltr'>plebe</span> <span class='ocrx_word' id='word_1_98' title='bbox 857 1369 1039 1422; x_wconf 89' lang='lat' dir='ltr'>sedere</span> <span class='ocrx_word' id='word_1_99' title='bbox 1070 1370 1216 1433; x_wconf 90' lang='lat' dir='ltr'>deus,</span> <span class='ocrx_word' id='word_1_100' title='bbox 1851 1389 1907 1429; x_wconf 85' lang='lat'>20</span> 
     </span>
     <span class='ocr_line' id='line_1_16' title="bbox 105 1439 1522 1509; baseline -0.002 -13"><span class='ocrx_word' id='word_1_101' title='bbox 105 1450 187 1506; x_wconf 87' lang='lat' dir='ltr'>et,</span> <span class='ocrx_word' id='word_1_102' title='bbox 217 1442 354 1495; x_wconf 88' lang='lat' dir='ltr'>latus</span> <span class='ocrx_word' id='word_1_103' title='bbox 385 1439 606 1494; x_wconf 84' lang='lat' dir='ltr'>Oceano</span> <span class='ocrx_word' id='word_1_104' title='bbox 636 1458 757 1493; x_wconf 90' lang='lat' dir='ltr'>cum</span> <span class='ocrx_word' id='word_1_105' title='bbox 787 1439 905 1509; x_wconf 90' lang='lat' dir='ltr'>quis</span> <span class='ocrx_word' id='word_1_106' title='bbox 936 1439 1066 1493; x_wconf 91' lang='lat' dir='ltr'>deus</span> <span class='ocrx_word' id='word_1_107' title='bbox 1098 1440 1304 1494; x_wconf 89' lang='lat' dir='ltr'>advena</span> <span class='ocrx_word' id='word_1_108' title='bbox 1334 1440 1522 1504; x_wconf 81' lang='lat' dir='ltr'>iunxit,</span> 
     </span>
     <span class='ocr_line' id='line_1_17' title="bbox 180 1511 1358 1582; baseline -0.002 -17"><span class='ocrx_word' id='word_1_109' title='bbox 180 1511 382 1582; x_wconf 87' lang='lat' dir='ltr'>Tethys</span> <span class='ocrx_word' id='word_1_110' title='bbox 413 1520 648 1565; x_wconf 87' lang='lat' dir='ltr'>extremo</span> <span class='ocrx_word' id='word_1_111' title='bbox 679 1529 836 1581; x_wconf 88' lang='lat' dir='ltr'>saepe</span> <span class='ocrx_word' id='word_1_112' title='bbox 866 1521 1078 1581; x_wconf 83' lang='lat' dir='ltr'>recepta</span> <span class='ocrx_word' id='word_1_113' title='bbox 1108 1511 1224 1564; x_wconf 92' lang='lat' dir='ltr'>loeo</span> <span class='ocrx_word' id='word_1_114' title='bbox 1255 1521 1358 1564; x_wconf 86' lang='lat' dir='ltr'>est:</span> 
     </span>
     <span class='ocr_line' id='line_1_18' title="bbox 103 1581 1589 1666; baseline 0 -29"><span class='ocrx_word' id='word_1_115' title='bbox 103 1583 277 1638; x_wconf 89' lang='lat' dir='ltr'>donec</span> <span class='ocrx_word' id='word_1_116' title='bbox 306 1584 495 1636; x_wconf 89' lang='lat' dir='ltr'>Honor</span> <span class='ocrx_word' id='word_1_117' title='bbox 519 1581 838 1666; x_wconf 82' lang='lat' dir='ltr'>placidoque</span> <span class='ocrx_word' id='word_1_118' title='bbox 870 1582 1062 1635; x_wconf 89' lang='lat' dir='ltr'>decens</span> <span class='ocrx_word' id='word_1_119' title='bbox 1093 1582 1412 1636; x_wconf 87' lang='lat' dir='ltr'>Reverentia</span> <span class='ocrx_word' id='word_1_120' title='bbox 1441 1582 1589 1637; x_wconf 87' lang='lat' dir='ltr'>voltu</span> 
     </span>
     <span class='ocr_line' id='line_1_19' title="bbox 180 1653 1158 1726; baseline -0.002 -18"><span class='ocrx_word' id='word_1_121' title='bbox 180 1672 399 1726; x_wconf 85' lang='lat' dir='ltr'>corpora</span> <span class='ocrx_word' id='word_1_122' title='bbox 428 1653 675 1725; x_wconf 75' lang='lat' dir='ltr'>legitimis</span> <span class='ocrx_word' id='word_1_123' title='bbox 704 1653 985 1724; x_wconf 87' lang='lat' dir='ltr'>inposuere</span> <span class='ocrx_word' id='word_1_124' title='bbox 1015 1654 1158 1706; x_wconf 88' lang='lat' dir='ltr'>toris.</span> 
     </span>
     <span class='ocr_line' id='line_1_20' title="bbox 105 1724 1903 1795; baseline 0.002 -16"><span class='ocrx_word' id='word_1_125' title='bbox 105 1724 231 1779; x_wconf 91' lang='lat' dir='ltr'>hinc</span> <span class='ocrx_word' id='word_1_126' title='bbox 261 1734 376 1779; x_wconf 86' lang='lat' dir='ltr'>sata</span> <span class='ocrx_word' id='word_1_127' title='bbox 404 1724 686 1788; x_wconf 84' lang='lat' dir='ltr'>Maiestas,</span> <span class='ocrx_word' id='word_1_128' title='bbox 716 1742 854 1793; x_wconf 92' lang='lat' dir='ltr'>quae</span> <span class='ocrx_word' id='word_1_129' title='bbox 885 1724 1142 1777; x_wconf 90' lang='lat' dir='ltr'>mundum</span> <span class='ocrx_word' id='word_1_130' title='bbox 1174 1735 1433 1795; x_wconf 83' lang='lat' dir='ltr'>temperat</span> <span class='ocrx_word' id='word_1_131' title='bbox 1462 1743 1698 1789; x_wconf 81' lang='lat' dir='ltr'>omnem3</span> <span class='ocrx_word' id='word_1_132' title='bbox 1850 1744 1903 1783; x_wconf 84' lang='lat'>25</span> 
     </span>
     <span class='ocr_line' id='line_1_21' title="bbox 179 1795 1371 1867; baseline -0.002 -17"><span class='ocrx_word' id='word_1_133' title='bbox 179 1814 390 1866; x_wconf 91' lang='lat' dir='ltr'>quaque</span> <span class='ocrx_word' id='word_1_134' title='bbox 420 1795 504 1850; x_wconf 89' lang='lat' dir='ltr'>die</span> <span class='ocrx_word' id='word_1_135' title='bbox 534 1804 690 1867; x_wconf 87' lang='lat' dir='ltr'>partu</span> <span class='ocrx_word' id='word_1_136' title='bbox 722 1805 802 1849; x_wconf 90' lang='lat' dir='ltr'>est</span> <span class='ocrx_word' id='word_1_137' title='bbox 832 1795 997 1858; x_wconf 87' lang='lat' dir='ltr'>edita,</span> <span class='ocrx_word' id='word_1_138' title='bbox 1029 1814 1224 1866; x_wconf 88' lang='lat' dir='ltr'>magna</span> <span class='ocrx_word' id='word_1_139' title='bbox 1253 1796 1371 1849; x_wconf 82' lang='lat' dir='ltr'>fuit.</span> 
     </span>
     <span class='ocr_line' id='line_1_22' title="bbox 101 1865 1413 1937; baseline 0 -17"><span class='ocrx_word' id='word_1_140' title='bbox 101 1885 206 1922; x_wconf 84' lang='lat' dir='ltr'>nec</span> <span class='ocrx_word' id='word_1_141' title='bbox 234 1885 402 1921; x_wconf 87' lang='lat' dir='ltr'>mora:</span> <span class='ocrx_word' id='word_1_142' title='bbox 435 1866 671 1921; x_wconf 83' lang='lat' dir='ltr'>consedit</span> <span class='ocrx_word' id='word_1_143' title='bbox 700 1867 875 1920; x_wconf 89' lang='lat' dir='ltr'>medio</span> <span class='ocrx_word' id='word_1_144' title='bbox 906 1866 1144 1919; x_wconf 90' lang='lat' dir='ltr'>sublimis</span> <span class='ocrx_word' id='word_1_145' title='bbox 1176 1865 1413 1937; x_wconf 85' lang='lat' dir='ltr'>Olympo</span> 
     </span>
     <span class='ocr_line' id='line_1_23' title="bbox 181 1937 1228 2009; baseline -0.001 -17"><span class='ocrx_word' id='word_1_146' title='bbox 181 1957 364 2002; x_wconf 89' lang='lat' dir='ltr'>aurea,</span> <span class='ocrx_word' id='word_1_147' title='bbox 395 1956 661 2009; x_wconf 88' lang='lat' dir='ltr'>purpureo</span> <span class='ocrx_word' id='word_1_148' title='bbox 693 1937 1063 2008; x_wconf 86' lang='lat' dir='ltr'>conspicienda</span> <span class='ocrx_word' id='word_1_149' title='bbox 1094 1938 1228 1991; x_wconf 88' lang='lat' dir='ltr'>sinu.</span> 
     </span>
     <span class='ocr_line' id='line_1_24' title="bbox 109 2009 1574 2064; baseline 0.001 -2"><span class='ocrx_word' id='word_1_150' title='bbox 109 2010 394 2063; x_wconf 81' lang='lat' dir='ltr'>consedere</span> <span class='ocrx_word' id='word_1_151' title='bbox 426 2009 582 2062; x_wconf 89' lang='lat' dir='ltr'>simul</span> <span class='ocrx_word' id='word_1_152' title='bbox 610 2009 796 2062; x_wconf 87' lang='lat' dir='ltr'>Pudor</span> <span class='ocrx_word' id='word_1_153' title='bbox 825 2019 877 2062; x_wconf 91' lang='lat' dir='ltr'>et</span> <span class='ocrx_word' id='word_1_154' title='bbox 905 2009 1106 2062; x_wconf 91' lang='lat' dir='ltr'>Metus.</span> <span class='ocrx_word' id='word_1_155' title='bbox 1180 2027 1336 2062; x_wconf 91' lang='lat' dir='ltr'>omne</span> <span class='ocrx_word' id='word_1_156' title='bbox 1367 2009 1574 2064; x_wconf 82' lang='lat' dir='ltr'>videres</span> 
     </span>
     <span class='ocr_line' id='line_1_25' title="bbox 178 2078 1903 2149; baseline -0.001 -15"><span class='ocrx_word' id='word_1_157' title='bbox 178 2098 376 2134; x_wconf 89' lang='lat' dir='ltr'>numen</span> <span class='ocrx_word' id='word_1_158' title='bbox 406 2080 475 2133; x_wconf 88' lang='lat' dir='ltr'>ad</span> <span class='ocrx_word' id='word_1_159' title='bbox 503 2079 641 2133; x_wconf 89' lang='lat' dir='ltr'>hanc</span> <span class='ocrx_word' id='word_1_160' title='bbox 671 2080 840 2132; x_wconf 86' lang='lat' dir='ltr'>cultus</span> <span class='ocrx_word' id='word_1_161' title='bbox 872 2078 1230 2149; x_wconf 88' lang='lat' dir='ltr'>composuisse</span> <span class='ocrx_word' id='word_1_162' title='bbox 1261 2099 1402 2133; x_wconf 87' lang='lat' dir='ltr'>suos.</span> <span class='ocrx_word' id='word_1_163' title='bbox 1845 2098 1903 2138; x_wconf 84' lang='lat'>30</span> 
     </span>
     <span class='ocr_line' id='line_1_26' title="bbox 102 2150 1443 2222; baseline -0.001 -18"><span class='ocrx_word' id='word_1_164' title='bbox 102 2151 347 2222; x_wconf 86' lang='lat' dir='ltr'>protinus</span> <span class='ocrx_word' id='word_1_165' title='bbox 374 2150 590 2204; x_wconf 86' lang='lat' dir='ltr'>intravit</span> <span class='ocrx_word' id='word_1_166' title='bbox 618 2160 819 2204; x_wconf 85' lang='lat' dir='ltr'>mentes</span> <span class='ocrx_word' id='word_1_167' title='bbox 852 2158 1128 2220; x_wconf 89' lang='lat' dir='ltr'>suspectus</span> <span class='ocrx_word' id='word_1_168' title='bbox 1157 2150 1443 2204; x_wconf 89' lang='lat' dir='ltr'>honorum:</span> 
     </span>
     <span class='ocr_line' id='line_1_27' title="bbox 178 2221 1453 2292; baseline 0 -18"><span class='ocrx_word' id='word_1_169' title='bbox 178 2222 238 2275; x_wconf 89' lang='lat' dir='ltr'>fit</span> <span class='ocrx_word' id='word_1_170' title='bbox 266 2222 494 2292; x_wconf 88' lang='lat' dir='ltr'>pretium</span> <span class='ocrx_word' id='word_1_171' title='bbox 524 2221 721 2292; x_wconf 85' lang='lat' dir='ltr'>dignis,</span> <span class='ocrx_word' id='word_1_172' title='bbox 751 2239 850 2274; x_wconf 92' lang='lat' dir='ltr'>nee</span> <span class='ocrx_word' id='word_1_173' title='bbox 881 2221 982 2274; x_wconf 92' lang='lat' dir='ltr'>sibi</span> <span class='ocrx_word' id='word_1_174' title='bbox 1011 2221 1235 2290; x_wconf 91' lang='lat' dir='ltr'>quisque</span> <span class='ocrx_word' id='word_1_175' title='bbox 1265 2222 1453 2291; x_wconf 87' lang='lat' dir='ltr'>placet.</span> 
     </span>
     <span class='ocr_line' id='line_1_28' title="bbox 102 2290 1486 2361; baseline 0 -15"><span class='ocrx_word' id='word_1_176' title='bbox 102 2290 192 2346; x_wconf 89' lang='lat' dir='ltr'>hic</span> <span class='ocrx_word' id='word_1_177' title='bbox 222 2301 388 2346; x_wconf 88' lang='lat' dir='ltr'>status</span> <span class='ocrx_word' id='word_1_178' title='bbox 418 2292 473 2345; x_wconf 89' lang='lat' dir='ltr'>in</span> <span class='ocrx_word' id='word_1_179' title='bbox 503 2293 648 2345; x_wconf 91' lang='lat' dir='ltr'>caelo</span> <span class='ocrx_word' id='word_1_180' title='bbox 677 2292 870 2344; x_wconf 86' lang='lat' dir='ltr'>multos</span> <span class='ocrx_word' id='word_1_181' title='bbox 900 2293 1189 2361; x_wconf 87' lang='lat' dir='ltr'>permansit</span> <span class='ocrx_word' id='word_1_182' title='bbox 1217 2292 1274 2344; x_wconf 92' lang='lat' dir='ltr'>iii</span> <span class='ocrx_word' id='word_1_183' title='bbox 1304 2311 1486 2356; x_wconf 70' lang='lat' dir='ltr'>moe,</span> 
     </span>
     <span class='ocr_line' id='line_1_29' title="bbox 179 2362 1214 2416; baseline -0.001 0"><span class='ocrx_word' id='word_1_184' title='bbox 179 2363 305 2416; x_wconf 88' lang='lat' dir='ltr'>dum</span> <span class='ocrx_word' id='word_1_185' title='bbox 336 2363 509 2416; x_wconf 85' lang='lat' dir='ltr'>senior</span> <span class='ocrx_word' id='word_1_186' title='bbox 537 2362 660 2416; x_wconf 86' lang='lat' dir='ltr'>fatis</span> <span class='ocrx_word' id='word_1_187' title='bbox 693 2362 886 2416; x_wconf 88' lang='lat' dir='ltr'>excidit</span> <span class='ocrx_word' id='word_1_188' title='bbox 917 2381 1035 2416; x_wconf 87' lang='lat' dir='ltr'>arce</span> <span class='ocrx_word' id='word_1_189' title='bbox 1067 2363 1214 2415; x_wconf 67' lang='lat' dir='ltr'>deus</span> 
     </span>
    </p>
   </div>
   <div class='ocr_carea' id='block_1_3' title="bbox 99 2433 1900 2505">
    <p class='ocr_par' dir='ltr' id='par_1_3' title="bbox 99 2433 1900 2505">
     <span class='ocr_line' id='line_1_30' title="bbox 99 2433 1900 2505; baseline 0.003 -18"><span class='ocrx_word' id='word_1_190' title='bbox 99 2442 244 2488; x_wconf 71' lang='lat' dir='ltr'>terra</span> <span class='ocrx_word' id='word_1_191' title='bbox 273 2433 412 2488; x_wconf 87' lang='lat' dir='ltr'>feros</span> <span class='ocrx_word' id='word_1_192' title='bbox 441 2443 649 2504; x_wconf 91' lang='lat' dir='ltr'>partus,</span> <span class='ocrx_word' id='word_1_193' title='bbox 679 2433 912 2486; x_wconf 89' lang='lat' dir='ltr'>inmania</span> <span class='ocrx_word' id='word_1_194' title='bbox 942 2444 1200 2496; x_wconf 88' lang='lat' dir='ltr'>monstra,</span> <span class='ocrx_word' id='word_1_195' title='bbox 1235 2433 1499 2505; x_wconf 87' lang='lat' dir='ltr'>Gigantas</span> <span class='ocrx_word' id='word_1_196' title='bbox 1846 2453 1900 2492; x_wconf 79' lang='lat'>35</span> 
     </span>
    </p>
   </div>
   <div class='ocr_carea' id='block_1_4' title="bbox 100 2504 1903 3509">
    <p class='ocr_par' dir='ltr' id='par_1_4' title="bbox 100 2504 1903 3509">
     <span class='ocr_line' id='line_1_31' title="bbox 178 2504 1218 2559; baseline -0.001 -1"><span class='ocrx_word' id='word_1_197' title='bbox 178 2504 342 2559; x_wconf 88' lang='lat' dir='ltr'>edidit</span> <span class='ocrx_word' id='word_1_198' title='bbox 371 2523 592 2558; x_wconf 91' lang='lat' dir='ltr'>ausuros</span> <span class='ocrx_word' id='word_1_199' title='bbox 622 2504 676 2558; x_wconf 89' lang='lat' dir='ltr'>in</span> <span class='ocrx_word' id='word_1_200' title='bbox 706 2504 850 2557; x_wconf 87' lang='lat' dir='ltr'>Iovis</span> <span class='ocrx_word' id='word_1_201' title='bbox 880 2505 955 2558; x_wconf 85' lang='lat' dir='ltr'>ire</span> <span class='ocrx_word' id='word_1_202' title='bbox 985 2505 1218 2557; x_wconf 89' lang='lat' dir='ltr'>domum.</span> 
     </span>
     <span class='ocr_line' id='line_1_32' title="bbox 101 2575 1485 2646; baseline 0.001 -18"><span class='ocrx_word' id='word_1_203' title='bbox 101 2576 248 2630; x_wconf 87' lang='lat' dir='ltr'>mille</span> <span class='ocrx_word' id='word_1_204' title='bbox 276 2595 465 2629; x_wconf 89' lang='lat' dir='ltr'>manus</span> <span class='ocrx_word' id='word_1_205' title='bbox 494 2575 596 2629; x_wconf 91' lang='lat' dir='ltr'>illis</span> <span class='ocrx_word' id='word_1_206' title='bbox 627 2576 772 2629; x_wconf 90' lang='lat' dir='ltr'>dedit</span> <span class='ocrx_word' id='word_1_207' title='bbox 802 2585 855 2629; x_wconf 92' lang='lat' dir='ltr'>et</span> <span class='ocrx_word' id='word_1_208' title='bbox 883 2594 978 2646; x_wconf 91' lang='lat' dir='ltr'>pro</span> <span class='ocrx_word' id='word_1_209' title='bbox 1011 2575 1250 2629; x_wconf 88' lang='lat' dir='ltr'>cruribus</span> <span class='ocrx_word' id='word_1_210' title='bbox 1281 2595 1485 2646; x_wconf 88' lang='lat' dir='ltr'>angues</span> 
     </span>
     <span class='ocr_line' id='line_1_33' title="bbox 178 2647 1457 2717; baseline 0 -17"><span class='ocrx_word' id='word_1_211' title='bbox 178 2656 335 2716; x_wconf 87' lang='lat' dir='ltr'>atque</span> <span class='ocrx_word' id='word_1_212' title='bbox 366 2647 440 2700; x_wconf 91' lang='lat' dir='ltr'>ait</span> <span class='ocrx_word' id='word_1_213' title='bbox 469 2647 567 2700; x_wconf 91' lang='lat' dir='ltr'>“in</span> <span class='ocrx_word' id='word_1_214' title='bbox 595 2665 819 2717; x_wconf 89' lang='lat' dir='ltr'>magnos</span> <span class='ocrx_word' id='word_1_215' title='bbox 849 2667 996 2700; x_wconf 86' lang='lat' dir='ltr'>arma</span> <span class='ocrx_word' id='word_1_216' title='bbox 1025 2658 1233 2701; x_wconf 85' lang='lat' dir='ltr'>movete</span> <span class='ocrx_word' id='word_1_217' title='bbox 1264 2647 1457 2700; x_wconf 84' lang='lat' dir='ltr'>deos1’‘</span> 
     </span>
     <span class='ocr_line' id='line_1_34' title="bbox 101 2717 1495 2789; baseline 0 -18"><span class='ocrx_word' id='word_1_218' title='bbox 101 2727 347 2772; x_wconf 84' lang='lat' dir='ltr'>extruere</span> <span class='ocrx_word' id='word_1_219' title='bbox 377 2717 433 2770; x_wconf 92' lang='lat' dir='ltr'>hi</span> <span class='ocrx_word' id='word_1_220' title='bbox 461 2728 666 2771; x_wconf 90' lang='lat' dir='ltr'>montes</span> <span class='ocrx_word' id='word_1_221' title='bbox 698 2717 767 2770; x_wconf 88' lang='lat' dir='ltr'>ad</span> <span class='ocrx_word' id='word_1_222' title='bbox 796 2717 968 2771; x_wconf 87' lang='lat' dir='ltr'>sidera</span> <span class='ocrx_word' id='word_1_223' title='bbox 999 2737 1207 2771; x_wconf 89' lang='lat' dir='ltr'>summa</span> <span class='ocrx_word' id='word_1_224' title='bbox 1236 2719 1495 2789; x_wconf 88' lang='lat' dir='ltr'>parabant</span> 
     </span>
     <span class='ocr_line' id='line_1_35' title="bbox 178 2788 1903 2859; baseline 0.003 -18"><span class='ocrx_word' id='word_1_225' title='bbox 178 2798 229 2842; x_wconf 91' lang='lat' dir='ltr'>et</span> <span class='ocrx_word' id='word_1_226' title='bbox 258 2807 514 2859; x_wconf 87' lang='lat' dir='ltr'>magnum</span> <span class='ocrx_word' id='word_1_227' title='bbox 543 2788 682 2841; x_wconf 91' lang='lat' dir='ltr'>bello</span> <span class='ocrx_word' id='word_1_228' title='bbox 713 2788 991 2842; x_wconf 86' lang='lat' dir='ltr'>sollicitare</span> <span class='ocrx_word' id='word_1_229' title='bbox 1022 2789 1223 2842; x_wconf 89' lang='lat' dir='ltr'>Iovem.</span> <span class='ocrx_word' id='word_1_230' title='bbox 1846 2809 1903 2847; x_wconf 83' lang='lat'>40</span> 
     </span>
     <span class='ocr_line' id='line_1_36' title="bbox 100 2858 1295 2929; baseline 0 -17"><span class='ocrx_word' id='word_1_231' title='bbox 100 2858 329 2912; x_wconf 81' lang='lat' dir='ltr'>fulmina</span> <span class='ocrx_word' id='word_1_232' title='bbox 359 2859 424 2912; x_wconf 87' lang='lat' dir='ltr'>de</span> <span class='ocrx_word' id='word_1_233' title='bbox 455 2859 588 2912; x_wconf 89' lang='lat' dir='ltr'>caeli</span> <span class='ocrx_word' id='word_1_234' title='bbox 615 2859 873 2912; x_wconf 89' lang='lat' dir='ltr'>iaculatus</span> <span class='ocrx_word' id='word_1_235' title='bbox 904 2859 1146 2929; x_wconf 87' lang='lat' dir='ltr'>Iuppiter</span> <span class='ocrx_word' id='word_1_236' title='bbox 1175 2878 1295 2913; x_wconf 85' lang='lat' dir='ltr'>aree</span> 
     </span>
     <span class='ocr_line' id='line_1_37' title="bbox 177 2929 1299 3000; baseline 0 -18"><span class='ocrx_word' id='word_1_237' title='bbox 177 2929 333 2982; x_wconf 86' lang='lat' dir='ltr'>vertit</span> <span class='ocrx_word' id='word_1_238' title='bbox 359 2929 416 2982; x_wconf 90' lang='lat' dir='ltr'>in</span> <span class='ocrx_word' id='word_1_239' title='bbox 446 2939 685 2983; x_wconf 88' lang='lat' dir='ltr'>auctores</span> <span class='ocrx_word' id='word_1_240' title='bbox 716 2929 950 3000; x_wconf 89' lang='lat' dir='ltr'>pondera</span> <span class='ocrx_word' id='word_1_241' title='bbox 979 2940 1129 2982; x_wconf 87' lang='lat' dir='ltr'>vasta</span> <span class='ocrx_word' id='word_1_242' title='bbox 1160 2948 1299 2983; x_wconf 88' lang='lat' dir='ltr'>suos.</span> 
     </span>
     <span class='ocr_line' id='line_1_38' title="bbox 103 2998 1331 3054; baseline 0.002 -2"><span class='ocrx_word' id='word_1_243' title='bbox 103 2998 188 3053; x_wconf 85' lang='lat' dir='ltr'>liis</span> <span class='ocrx_word' id='word_1_244' title='bbox 219 3000 354 3053; x_wconf 92' lang='lat' dir='ltr'>bene</span> <span class='ocrx_word' id='word_1_245' title='bbox 383 3000 641 3054; x_wconf 88' lang='lat' dir='ltr'>Maiestas</span> <span class='ocrx_word' id='word_1_246' title='bbox 673 3000 831 3053; x_wconf 87' lang='lat' dir='ltr'>armis</span> <span class='ocrx_word' id='word_1_247' title='bbox 863 3000 1080 3053; x_wconf 87' lang='lat' dir='ltr'>defensa</span> <span class='ocrx_word' id='word_1_248' title='bbox 1110 3001 1331 3054; x_wconf 90' lang='lat' dir='ltr'>deorum</span> 
     </span>
     <span class='ocr_line' id='line_1_39' title="bbox 178 3071 1298 3141; baseline 0.002 -18"><span class='ocrx_word' id='word_1_249' title='bbox 178 3079 339 3124; x_wconf 89' lang='lat' dir='ltr'>restat</span> <span class='ocrx_word' id='word_1_250' title='bbox 369 3080 422 3124; x_wconf 92' lang='lat' dir='ltr'>et</span> <span class='ocrx_word' id='word_1_251' title='bbox 451 3090 518 3125; x_wconf 87' lang='lat' dir='ltr'>ex</span> <span class='ocrx_word' id='word_1_252' title='bbox 546 3071 635 3124; x_wconf 92' lang='lat' dir='ltr'>illo</span> <span class='ocrx_word' id='word_1_253' title='bbox 666 3080 900 3141; x_wconf 90' lang='lat' dir='ltr'>tempore</span> <span class='ocrx_word' id='word_1_254' title='bbox 932 3071 1074 3124; x_wconf 90' lang='lat' dir='ltr'>culta</span> <span class='ocrx_word' id='word_1_255' title='bbox 1104 3081 1298 3125; x_wconf 86' lang='lat' dir='ltr'>manet.</span> 
     </span>
     <span class='ocr_line' id='line_1_40' title="bbox 103 3141 1899 3206; baseline 0.004 -12"><span class='ocrx_word' id='word_1_256' title='bbox 103 3141 302 3196; x_wconf 80' lang='lat' dir='ltr'>assidet</span> <span class='ocrx_word' id='word_1_257' title='bbox 329 3141 453 3196; x_wconf 91' lang='lat' dir='ltr'>inde</span> <span class='ocrx_word' id='word_1_258' title='bbox 482 3141 625 3206; x_wconf 88' lang='lat' dir='ltr'>Iovi,</span> <span class='ocrx_word' id='word_1_259' title='bbox 655 3142 798 3195; x_wconf 86' lang='lat' dir='ltr'>Iovis</span> <span class='ocrx_word' id='word_1_260' title='bbox 829 3151 908 3195; x_wconf 89' lang='lat' dir='ltr'>est</span> <span class='ocrx_word' id='word_1_261' title='bbox 936 3142 1191 3195; x_wconf 87' lang='lat' dir='ltr'>fidissima</span> <span class='ocrx_word' id='word_1_262' title='bbox 1221 3151 1416 3206; x_wconf 76' lang='lat' dir='ltr'>custOS,</span> <span class='ocrx_word' id='word_1_263' title='bbox 1843 3163 1899 3201; x_wconf 86' lang='lat'>45</span> 
     </span>
     <span class='ocr_line' id='line_1_41' title="bbox 180 3213 1378 3283; baseline 0.001 -18"><span class='ocrx_word' id='word_1_264' title='bbox 180 3221 232 3265; x_wconf 91' lang='lat' dir='ltr'>et</span> <span class='ocrx_word' id='word_1_265' title='bbox 260 3221 492 3283; x_wconf 85' lang='lat' dir='ltr'>praestat</span> <span class='ocrx_word' id='word_1_266' title='bbox 522 3213 634 3267; x_wconf 89' lang='lat' dir='ltr'>sine</span> <span class='ocrx_word' id='word_1_267' title='bbox 663 3213 717 3266; x_wconf 87' lang='lat' dir='ltr'>vi</span> <span class='ocrx_word' id='word_1_268' title='bbox 747 3222 953 3283; x_wconf 88' lang='lat' dir='ltr'>sceptra</span> <span class='ocrx_word' id='word_1_269' title='bbox 983 3213 1217 3266; x_wconf 88' lang='lat' dir='ltr'>timenda</span> <span class='ocrx_word' id='word_1_270' title='bbox 1245 3214 1378 3267; x_wconf 88' lang='lat' dir='ltr'>Iovi.</span> 
     </span>
     <span class='ocr_line' id='line_1_42' title="bbox 105 3282 1403 3338; baseline 0.002 -3"><span class='ocrx_word' id='word_1_271' title='bbox 105 3282 252 3336; x_wconf 80' lang='lat' dir='ltr'>venit</span> <span class='ocrx_word' id='word_1_272' title='bbox 281 3292 332 3337; x_wconf 86' lang='lat' dir='ltr'>et</span> <span class='ocrx_word' id='word_1_273' title='bbox 358 3284 415 3336; x_wconf 90' lang='lat' dir='ltr'>in</span> <span class='ocrx_word' id='word_1_274' title='bbox 443 3293 635 3338; x_wconf 85' lang='lat' dir='ltr'>terras:</span> <span class='ocrx_word' id='word_1_275' title='bbox 667 3284 941 3338; x_wconf 87' lang='lat' dir='ltr'>coluerunt</span> <span class='ocrx_word' id='word_1_276' title='bbox 971 3284 1231 3338; x_wconf 85' lang='lat' dir='ltr'>Romulus</span> <span class='ocrx_word' id='word_1_277' title='bbox 1260 3285 1403 3338; x_wconf 90' lang='lat' dir='ltr'>illam</span> 
     </span>
     <span class='ocr_line' id='line_1_43' title="bbox 181 3353 1419 3426; baseline 0.003 -21"><span class='ocrx_word' id='word_1_278' title='bbox 181 3362 232 3406; x_wconf 90' lang='lat' dir='ltr'>et</span> <span class='ocrx_word' id='word_1_279' title='bbox 258 3353 459 3418; x_wconf 85' lang='lat' dir='ltr'>Numa3</span> <span class='ocrx_word' id='word_1_280' title='bbox 490 3373 615 3408; x_wconf 88' lang='lat' dir='ltr'>mox</span> <span class='ocrx_word' id='word_1_281' title='bbox 644 3355 756 3419; x_wconf 88' lang='lat' dir='ltr'>alii,</span> <span class='ocrx_word' id='word_1_282' title='bbox 786 3364 1022 3426; x_wconf 88' lang='lat' dir='ltr'>tempore</span> <span class='ocrx_word' id='word_1_283' title='bbox 1053 3356 1276 3425; x_wconf 88' lang='lat' dir='ltr'>quisque</span> <span class='ocrx_word' id='word_1_284' title='bbox 1306 3374 1419 3409; x_wconf 78' lang='lat' dir='ltr'>suo·</span> 
     </span>
     <span class='ocr_line' id='line_1_44' title="bbox 106 3421 1383 3509; baseline 0.004 -34"><span class='ocrx_word' id='word_1_285' title='bbox 106 3421 200 3505; x_wconf 65' lang='lat' dir='ltr'>illa</span> <span class='ocrx_word' id='word_1_286' title='bbox 226 3433 400 3493; x_wconf 88' lang='lat' dir='ltr'>patres</span> <span class='ocrx_word' id='word_1_287' title='bbox 430 3426 486 3478; x_wconf 90' lang='lat' dir='ltr'>in</span> <span class='ocrx_word' id='word_1_288' title='bbox 514 3426 712 3480; x_wconf 89' lang='lat' dir='ltr'>honore</span> <span class='ocrx_word' id='word_1_289' title='bbox 741 3427 843 3509; x_wconf 49' lang='lat' dir='ltr'>pio·</span> <span class='ocrx_word' id='word_1_290' title='bbox 861 3435 1160 3495; x_wconf 87' lang='lat' dir='ltr'>matresque</span> <span class='ocrx_word' id='word_1_291' title='bbox 1190 3437 1383 3490; x_wconf 88' lang='lat' dir='ltr'>tuetur,</span> 
     </span>
    </p>
   </div>
   <div class='ocr_carea' id='block_1_5' title="bbox 180 3493 1902 3624">
    <p class='ocr_par' dir='ltr' id='par_1_5' title="bbox 180 3493 1902 3624">
     <span class='ocr_line' id='line_1_45' title="bbox 180 3493 1902 3568; baseline 0.005 -22"><span class='ocrx_word' id='word_1_292' title='bbox 180 3493 270 3546; x_wconf 90' lang='lat' dir='ltr'>illa</span> <span class='ocrx_word' id='word_1_293' title='bbox 299 3513 472 3548; x_wconf 91' lang='lat' dir='ltr'>comes</span> <span class='ocrx_word' id='word_1_294' title='bbox 502 3497 679 3567; x_wconf 91' lang='lat' dir='ltr'>pueris</span> <span class='ocrx_word' id='word_1_295' title='bbox 709 3497 1109 3568; x_wconf 76' lang='lat' dir='ltr'>virginibusque</span> <span class='ocrx_word' id='word_1_296' title='bbox 1139 3499 1307 3562; x_wconf 83' lang='lat' dir='ltr'>venit3</span> <span class='ocrx_word' id='word_1_297' title='bbox 1843 3516 1902 3555; x_wconf 78' lang='lat'>50</span> 
     </span>
     <span class='ocr_line' id='line_1_46' title="bbox 198 3575 1533 3624; baseline 0.005 -12"><span class='ocrx_word' id='word_1_298' title='bbox 198 3575 306 3612; x_wconf 68' lang='lat' dir='ltr'>Ovidii</span> <span class='ocrx_word' id='word_1_299' title='bbox 318 3578 380 3613; x_wconf 81' lang='lat' dir='ltr'>vol.</span> <span class='ocrx_word' id='word_1_300' title='bbox 398 3577 467 3613; x_wconf 86' lang='lat' dir='ltr'><strong><em>III.</em></strong></span> <span class='ocrx_word' id='word_1_301' title='bbox 1503 3581 1533 3624; x_wconf 87' lang='grc'><strong>6</strong></span> 
     </span>
    </p>
   </div>
  </div>
 </body>
</html>
