<?xml version="1.0" encoding="UTF-8"?>
<!DOCTYPE html PUBLIC "-//W3C//DTD XHTML 1.0 Transitional//EN"
    "http://www.w3.org/TR/xhtml1/DTD/xhtml1-transitional.dtd">
<html xmlns="http://www.w3.org/1999/xhtml" xml:lang="en" lang="en">
 <head>
  <title>
</title>
<meta http-equiv="Content-Type" content="text/html;charset=utf-8" />
  <meta name='ocr-system' content='tesseract 3.04.00' />
  <meta name='ocr-capabilities' content='ocr_page ocr_carea ocr_par ocr_line ocrx_word'/>
</head>
<body>
  <div class='ocr_page' id='page_1' title='image "./carminaov03oviduoft_0062.png"; bbox 0 0 2158 3906; ppageno 0'>
   <div class='ocr_carea' id='block_1_1' title="bbox 394 269 1546 326">
    <p class='ocr_par' dir='ltr' id='par_1_1' title="bbox 394 269 1546 326">
     <span class='ocr_line' id='line_1_1' title="bbox 394 269 1546 326; baseline 0.003 -3"><span class='ocrx_word' id='word_1_1' title='bbox 394 269 471 323; x_wconf 80' lang='lat'>24</span> <span class='ocrx_word' id='word_1_2' title='bbox 946 282 1001 324; x_wconf 85' lang='lat' dir='ltr'>P.</span> <span class='ocrx_word' id='word_1_3' title='bbox 1038 280 1245 326; x_wconf 86' lang='lat' dir='ltr'>OVIDII</span> <span class='ocrx_word' id='word_1_4' title='bbox 1274 280 1546 326; x_wconf 79' lang='lat' dir='ltr'>NASONIS</span> 
     </span>
    </p>
   </div>
   <div class='ocr_carea' id='block_1_2' title="bbox 283 381 2154 1432">
    <p class='ocr_par' dir='ltr' id='par_1_2' title="bbox 283 381 2155 1432">
     <span class='ocr_line' id='line_1_2' title="bbox 399 381 1678 452; baseline -0.001 -16"><span class='ocrx_word' id='word_1_5' title='bbox 399 384 573 436; x_wconf 87' lang='lat' dir='ltr'>stabat</span> <span class='ocrx_word' id='word_1_6' title='bbox 604 382 776 434; x_wconf 90' lang='lat' dir='ltr'>adhuc</span> <span class='ocrx_word' id='word_1_7' title='bbox 809 381 951 433; x_wconf 89' lang='lat' dir='ltr'>duris</span> <span class='ocrx_word' id='word_1_8' title='bbox 982 381 1112 434; x_wconf 91' lang='lat' dir='ltr'>ficus</span> <span class='ocrx_word' id='word_1_9' title='bbox 1144 381 1454 434; x_wconf 88' lang='lat' dir='ltr'>densissima</span> <span class='ocrx_word' id='word_1_10' title='bbox 1483 383 1678 452; x_wconf 84' lang='lat' dir='ltr'>pomis3</span> 
     </span>
     <span class='ocr_line' id='line_1_3' title="bbox 468 453 1644 522; baseline -0.001 -16"><span class='ocrx_word' id='word_1_11' title='bbox 468 462 690 522; x_wconf 86' lang='lat' dir='ltr'>temptat</span> <span class='ocrx_word' id='word_1_12' title='bbox 722 471 838 504; x_wconf 91' lang='lat' dir='ltr'>eam</span> <span class='ocrx_word' id='word_1_13' title='bbox 867 461 1060 503; x_wconf 91' lang='lat' dir='ltr'>rostro:</span> <span class='ocrx_word' id='word_1_14' title='bbox 1092 470 1199 504; x_wconf 92' lang='lat' dir='ltr'>non</span> <span class='ocrx_word' id='word_1_15' title='bbox 1229 461 1340 505; x_wconf 92' lang='lat' dir='ltr'>erat</span> <span class='ocrx_word' id='word_1_16' title='bbox 1369 462 1494 522; x_wconf 90' lang='lat' dir='ltr'>apta</span> <span class='ocrx_word' id='word_1_17' title='bbox 1522 453 1644 522; x_wconf 86' lang='lat' dir='ltr'>legi.</span> 
     </span>
     <span class='ocr_line' id='line_1_4' title="bbox 283 521 2145 596; baseline 0.002 -20"><span class='ocrx_word' id='word_1_18' title='bbox 283 543 364 582; x_wconf 84' lang='lat'>255</span> <span class='ocrx_word' id='word_1_19' title='bbox 398 526 654 577; x_wconf 86' lang='lat' dir='ltr'>inmemor</span> <span class='ocrx_word' id='word_1_20' title='bbox 683 521 889 591; x_wconf 89' lang='lat' dir='ltr'>imperii</span> <span class='ocrx_word' id='word_1_21' title='bbox 921 523 1116 575; x_wconf 82' lang='lat' dir='ltr'>sedisse</span> <span class='ocrx_word' id='word_1_22' title='bbox 1148 523 1247 575; x_wconf 90' lang='lat' dir='ltr'>sub</span> <span class='ocrx_word' id='word_1_23' title='bbox 1278 523 1463 576; x_wconf 90' lang='lat' dir='ltr'>arbore</span> <span class='ocrx_word' id='word_1_24' title='bbox 1493 524 1676 587; x_wconf 87' lang='lat' dir='ltr'>fertur,</span> <span class='ocrx_word' id='word_1_25' title='bbox 2135 563 2145 596; x_wconf 38' lang='lat' dir='ltr'>&lt;s</span> 
     </span>
     <span class='ocr_line' id='line_1_5' title="bbox 472 592 2145 663; baseline 0.001 -17"><span class='ocrx_word' id='word_1_26' title='bbox 472 596 597 646; x_wconf 91' lang='lat' dir='ltr'>dum</span> <span class='ocrx_word' id='word_1_27' title='bbox 627 594 812 644; x_wconf 88' lang='lat' dir='ltr'>fierent</span> <span class='ocrx_word' id='word_1_28' title='bbox 842 593 992 644; x_wconf 88' lang='lat' dir='ltr'>tarda</span> <span class='ocrx_word' id='word_1_29' title='bbox 1023 593 1197 646; x_wconf 89' lang='lat' dir='ltr'>dulcia</span> <span class='ocrx_word' id='word_1_30' title='bbox 1226 612 1386 663; x_wconf 87' lang='lat' dir='ltr'>poma</span> <span class='ocrx_word' id='word_1_31' title='bbox 1414 612 1577 646; x_wconf 89' lang='lat' dir='ltr'>mora.</span> <span class='ocrx_word' id='word_1_32' title='bbox 1612 592 1636 613; x_wconf 84' lang='lat'>&#39;‘</span> <span class='ocrx_word' id='word_1_33' title='bbox 2110 598 2145 649; x_wconf 69' lang='lat' dir='ltr'>i</span> 
     </span>
     <span class='ocr_line' id='line_1_6' title="bbox 400 662 2144 735; baseline 0.001 -18"><span class='ocrx_word' id='word_1_34' title='bbox 400 667 610 732; x_wconf 87' lang='lat' dir='ltr'>iamque</span> <span class='ocrx_word' id='word_1_35' title='bbox 642 672 786 715; x_wconf 88' lang='lat' dir='ltr'>satur</span> <span class='ocrx_word' id='word_1_36' title='bbox 814 662 979 732; x_wconf 88' lang='lat' dir='ltr'>nigris</span> <span class='ocrx_word' id='word_1_37' title='bbox 1010 665 1230 733; x_wconf 90' lang='lat' dir='ltr'>longum</span> <span class='ocrx_word' id='word_1_38' title='bbox 1259 665 1396 734; x_wconf 86' lang='lat' dir='ltr'>rapit</span> <span class='ocrx_word' id='word_1_39' title='bbox 1425 666 1694 735; x_wconf 89' lang='lat' dir='ltr'>unguibus</span> <span class='ocrx_word' id='word_1_40' title='bbox 1725 665 1954 735; x_wconf 88' lang='lat' dir='ltr'>hydrum</span> <span class='ocrx_word' id='word_1_41' title='bbox 2133 662 2144 679; x_wconf 62' lang='grc'>”’</span> 
     </span>
     <span class='ocr_line' id='line_1_7' title="bbox 471 734 1774 803; baseline 0.001 -16"><span class='ocrx_word' id='word_1_42' title='bbox 471 736 539 787; x_wconf 88' lang='lat' dir='ltr'>ad</span> <span class='ocrx_word' id='word_1_43' title='bbox 570 734 947 802; x_wconf 87' lang='lat' dir='ltr'>dominumque</span> <span class='ocrx_word' id='word_1_44' title='bbox 976 735 1113 787; x_wconf 91' lang='lat' dir='ltr'>redit</span> <span class='ocrx_word' id='word_1_45' title='bbox 1142 735 1370 803; x_wconf 90' lang='lat' dir='ltr'>fictaque</span> <span class='ocrx_word' id='word_1_46' title='bbox 1399 737 1562 788; x_wconf 90' lang='lat' dir='ltr'>verba</span> <span class='ocrx_word' id='word_1_47' title='bbox 1591 737 1774 789; x_wconf 83' lang='lat' dir='ltr'><strong>refert:</strong></span> 
     </span>
     <span class='ocr_line' id='line_1_8' title="bbox 399 804 1954 874; baseline 0.001 -17"><span class='ocrx_word' id='word_1_48' title='bbox 399 806 509 857; x_wconf 88' lang='lat' dir='ltr'>‘hic</span> <span class='ocrx_word' id='word_1_49' title='bbox 541 804 669 856; x_wconf 88' lang='lat' dir='ltr'>mihi</span> <span class='ocrx_word' id='word_1_50' title='bbox 701 823 860 856; x_wconf 88' lang='lat' dir='ltr'>causa</span> <span class='ocrx_word' id='word_1_51' title='bbox 889 822 1094 866; x_wconf 86' lang='lat' dir='ltr'>morae,</span> <span class='ocrx_word' id='word_1_52' title='bbox 1127 806 1367 858; x_wconf 87' lang='lat' dir='ltr'>vivarum</span> <span class='ocrx_word' id='word_1_53' title='bbox 1398 806 1642 859; x_wconf 85' lang='lat' dir='ltr'>obsessor</span> <span class='ocrx_word' id='word_1_54' title='bbox 1672 825 1954 874; x_wconf 86' lang='lat' dir='ltr'>aquarum:</span> 
     </span>
     <span class='ocr_line' id='line_1_9' title="bbox 283 875 1569 944; baseline 0.002 -18"><span class='ocrx_word' id='word_1_55' title='bbox 283 895 366 933; x_wconf 86' lang='lat'>260</span> <span class='ocrx_word' id='word_1_56' title='bbox 468 876 554 927; x_wconf 92' lang='lat' dir='ltr'>hic</span> <span class='ocrx_word' id='word_1_57' title='bbox 585 875 751 927; x_wconf 86' lang='lat' dir='ltr'>tenuit</span> <span class='ocrx_word' id='word_1_58' title='bbox 782 875 956 927; x_wconf 86' lang='lat' dir='ltr'>fontes</span> <span class='ocrx_word' id='word_1_59' title='bbox 987 876 1327 944; x_wconf 88' lang='lat' dir='ltr'>officiumque</span> <span class='ocrx_word' id='word_1_60' title='bbox 1358 877 1569 929; x_wconf 89' lang='lat' dir='ltr'>meum.&#39;</span> 
     </span>
     <span class='ocr_line' id='line_1_10' title="bbox 398 945 1861 1015; baseline 0.001 -16"><span class='ocrx_word' id='word_1_61' title='bbox 398 946 594 999; x_wconf 84' lang='lat' dir='ltr'>‘addis’</span> <span class='ocrx_word' id='word_1_62' title='bbox 628 945 700 997; x_wconf 86' lang='lat' dir='ltr'>ait</span> <span class='ocrx_word' id='word_1_63' title='bbox 731 946 943 1015; x_wconf 90' lang='lat' dir='ltr'>‘culpae</span> <span class='ocrx_word' id='word_1_64' title='bbox 973 947 1273 1000; x_wconf 86' lang='lat' dir='ltr'>mendacia&#39;</span> <span class='ocrx_word' id='word_1_65' title='bbox 1304 947 1559 1000; x_wconf 90' lang='lat' dir='ltr'>Phoebus</span> <span class='ocrx_word' id='word_1_66' title='bbox 1591 954 1667 1000; x_wconf 89' lang='lat' dir='ltr'>‘et</span> <span class='ocrx_word' id='word_1_67' title='bbox 1697 948 1861 1000; x_wconf 85' lang='lat' dir='ltr'>audes</span> 
     </span>
     <span class='ocr_line' id='line_1_11' title="bbox 469 1017 2146 1094; baseline 0 -25"><span class='ocrx_word' id='word_1_68' title='bbox 469 1017 744 1069; x_wconf 85' lang='lat' dir='ltr'>fatidicum</span> <span class='ocrx_word' id='word_1_69' title='bbox 775 1017 949 1068; x_wconf 88' lang='lat' dir='ltr'>verbis</span> <span class='ocrx_word' id='word_1_70' title='bbox 980 1018 1163 1070; x_wconf 88' lang='lat' dir='ltr'>fallere</span> <span class='ocrx_word' id='word_1_71' title='bbox 1194 1018 1329 1070; x_wconf 87' lang='lat' dir='ltr'>velle</span> <span class='ocrx_word' id='word_1_72' title='bbox 1361 1018 1551 1071; x_wconf 87' lang='lat' dir='ltr'>deum?</span> <span class='ocrx_word' id='word_1_73' title='bbox 2103 1019 2146 1094; x_wconf 51' lang='lat' dir='ltr'>t}</span> 
     </span>
     <span class='ocr_line' id='line_1_12' title="bbox 358 1087 1742 1152; baseline 0.002 -12"><span class='ocrx_word' id='word_1_74' title='bbox 358 1123 363 1126; x_wconf 96' lang='lat'>-</span> <span class='ocrx_word' id='word_1_75' title='bbox 398 1099 451 1140; x_wconf 86' lang='lat' dir='ltr'>at</span> <span class='ocrx_word' id='word_1_76' title='bbox 483 1088 601 1149; x_wconf 78' lang='lat' dir='ltr'>tibi,</span> <span class='ocrx_word' id='word_1_77' title='bbox 635 1087 763 1139; x_wconf 86' lang='lat' dir='ltr'>dum</span> <span class='ocrx_word' id='word_1_78' title='bbox 792 1088 992 1140; x_wconf 85' lang='lat' dir='ltr'>lactans</span> <span class='ocrx_word' id='word_1_79' title='bbox 1024 1088 1262 1143; x_wconf 85' lang='lat' dir='ltr'>haerebit</span> <span class='ocrx_word' id='word_1_80' title='bbox 1290 1089 1347 1141; x_wconf 91' lang='lat' dir='ltr'>in</span> <span class='ocrx_word' id='word_1_81' title='bbox 1377 1089 1562 1142; x_wconf 89' lang='lat' dir='ltr'>arbore</span> <span class='ocrx_word' id='word_1_82' title='bbox 1592 1090 1742 1152; x_wconf 77' lang='lat' dir='ltr'>ficUS,</span> 
     </span>
     <span class='ocr_line' id='line_1_13' title="bbox 470 1156 2141 1235; baseline 0.002 -25"><span class='ocrx_word' id='word_1_83' title='bbox 470 1159 533 1211; x_wconf 89' lang='lat' dir='ltr'>de</span> <span class='ocrx_word' id='word_1_84' title='bbox 564 1159 709 1210; x_wconf 91' lang='lat' dir='ltr'>nullo</span> <span class='ocrx_word' id='word_1_85' title='bbox 738 1159 945 1228; x_wconf 87' lang='lat' dir='ltr'>gelidae</span> <span class='ocrx_word' id='word_1_86' title='bbox 976 1158 1122 1212; x_wconf 84' lang='lat' dir='ltr'>fonte</span> <span class='ocrx_word' id='word_1_87' title='bbox 1153 1159 1402 1212; x_wconf 89' lang='lat' dir='ltr'>bibentur</span> <span class='ocrx_word' id='word_1_88' title='bbox 1431 1160 1634 1228; x_wconf 88' lang='lat' dir='ltr'>aquae.&#39;</span> <span class='ocrx_word' id='word_1_89' title='bbox 2115 1156 2141 1235; x_wconf 58' lang='lat' dir='ltr'>J*</span> 
     </span>
     <span class='ocr_line' id='line_1_14' title="bbox 284 1229 2154 1300; baseline -0.002 -13"><span class='ocrx_word' id='word_1_90' title='bbox 284 1247 365 1286; x_wconf 86' lang='lat'>265</span> <span class='ocrx_word' id='word_1_91' title='bbox 401 1230 550 1282; x_wconf 81' lang='lat' dir='ltr'>dixit.</span> <span class='ocrx_word' id='word_1_92' title='bbox 626 1238 700 1291; x_wconf 89' lang='lat' dir='ltr'>et,</span> <span class='ocrx_word' id='word_1_93' title='bbox 734 1229 936 1297; x_wconf 81' lang='lat' dir='ltr'>antiqui</span> <span class='ocrx_word' id='word_1_94' title='bbox 966 1231 1290 1283; x_wconf 90' lang='lat' dir='ltr'>monimenta</span> <span class='ocrx_word' id='word_1_95' title='bbox 1318 1231 1570 1300; x_wconf 88' lang='lat' dir='ltr'>perennia</span> <span class='ocrx_word' id='word_1_96' title='bbox 1599 1231 1742 1293; x_wconf 88' lang='lat' dir='ltr'>facti,</span> <span class='ocrx_word' id='word_1_97' title='bbox 2127 1235 2154 1300; x_wconf 39' lang='lat' dir='ltr'>{s</span> 
     </span>
     <span class='ocr_line' id='line_1_15' title="bbox 473 1298 2147 1432; baseline 0.002 -81"><span class='ocrx_word' id='word_1_98' title='bbox 473 1300 686 1369; x_wconf 87' lang='lat' dir='ltr'>Anguis</span> <span class='ocrx_word' id='word_1_99' title='bbox 716 1300 852 1352; x_wconf 90' lang='lat' dir='ltr'>Avis</span> <span class='ocrx_word' id='word_1_100' title='bbox 886 1298 1075 1354; x_wconf 81' lang='lat' dir='ltr'>Crater</span> <span class='ocrx_word' id='word_1_101' title='bbox 1105 1301 1276 1354; x_wconf 89' lang='lat' dir='ltr'>sidera</span> <span class='ocrx_word' id='word_1_102' title='bbox 1304 1301 1484 1355; x_wconf 90' lang='lat' dir='ltr'>iuncta</span> <span class='ocrx_word' id='word_1_103' title='bbox 1514 1302 1726 1354; x_wconf 83' lang='lat' dir='ltr'>micant.</span> <span class='ocrx_word' id='word_1_104' title='bbox 2104 1301 2147 1432; x_wconf 52' lang='grc' dir='ltr'><strong>ἱ</strong></span> 
     </span>
    </p>
   </div>
   <div class='ocr_carea' id='block_1_3' title="bbox 366 1438 2138 1517">
    <p class='ocr_par' dir='ltr' id='par_1_3' title="bbox 366 1438 2138 1517">
     <span class='ocr_line' id='line_1_16' title="bbox 366 1438 2138 1517; baseline -0.001 -22"><span class='ocrx_word' id='word_1_105' title='bbox 366 1459 368 1461; x_wconf 86' lang='grc'><em>·</em></span> <span class='ocrx_word' id='word_1_106' title='bbox 399 1442 580 1495; x_wconf 85' lang='lat' dir='ltr'>Tertia</span> <span class='ocrx_word' id='word_1_107' title='bbox 603 1451 723 1511; x_wconf 91' lang='lat' dir='ltr'>post</span> <span class='ocrx_word' id='word_1_108' title='bbox 744 1442 873 1494; x_wconf 90' lang='lat' dir='ltr'>Idus</span> <span class='ocrx_word' id='word_1_109' title='bbox 896 1443 1065 1495; x_wconf 88' lang='lat' dir='ltr'>nudos</span> <span class='ocrx_word' id='word_1_110' title='bbox 1082 1443 1295 1495; x_wconf 79' lang='lat' dir='ltr'>Aurora</span> <span class='ocrx_word' id='word_1_111' title='bbox 1310 1443 1585 1513; x_wconf 83' lang='lat' dir='ltr'>Lupercos</span> <span class='ocrx_word' id='word_1_112' title='bbox 1620 1442 1696 1485; x_wconf 77' lang='lat'>15·</span> <span class='ocrx_word' id='word_1_113' title='bbox 1718 1442 1763 1485; x_wconf 91' lang='lat' dir='ltr'><em>F</em></span> <span class='ocrx_word' id='word_1_114' title='bbox 1776 1438 2138 1517; x_wconf 60' lang='lat' dir='ltr'>LVPER-mg</span> 
     </span>
    </p>
   </div>
   <div class='ocr_carea' id='block_1_4' title="bbox 278 1513 2146 3490">
    <p class='ocr_par' dir='ltr' id='par_1_4' title="bbox 282 1513 2146 2347">
     <span class='ocr_line' id='line_1_17' title="bbox 472 1513 2146 1591; baseline 0.003 -27"><span class='ocrx_word' id='word_1_115' title='bbox 472 1513 681 1582; x_wconf 80' lang='lat' dir='ltr'>aspicit,</span> <span class='ocrx_word' id='word_1_116' title='bbox 714 1521 765 1565; x_wconf 93' lang='lat' dir='ltr'>et</span> <span class='ocrx_word' id='word_1_117' title='bbox 794 1513 968 1565; x_wconf 85' lang='lat' dir='ltr'>Fauni</span> <span class='ocrx_word' id='word_1_118' title='bbox 1000 1532 1149 1566; x_wconf 84' lang='lat' dir='ltr'>sacra</span> <span class='ocrx_word' id='word_1_119' title='bbox 1179 1514 1405 1566; x_wconf 88' lang='lat' dir='ltr'>bicornis</span> <span class='ocrx_word' id='word_1_120' title='bbox 1437 1524 1579 1567; x_wconf 88' lang='lat' dir='ltr'>eunt.</span> <span class='ocrx_word' id='word_1_121' title='bbox 2119 1518 2146 1591; x_wconf 59' lang='grc' dir='ltr'>ξι</span> 
     </span>
     <span class='ocr_line' id='line_1_18' title="bbox 400 1583 2145 1658; baseline 0.002 -24"><span class='ocrx_word' id='word_1_122' title='bbox 400 1584 579 1644; x_wconf 88' lang='lat' dir='ltr'>dicite,</span> <span class='ocrx_word' id='word_1_123' title='bbox 610 1583 874 1646; x_wconf 79' lang='lat' dir='ltr'>PierideS,</span> <span class='ocrx_word' id='word_1_124' title='bbox 907 1602 1175 1637; x_wconf 90' lang='lat' dir='ltr'>sacrorum</span> <span class='ocrx_word' id='word_1_125' title='bbox 1207 1603 1343 1653; x_wconf 88' lang='lat' dir='ltr'>quae</span> <span class='ocrx_word' id='word_1_126' title='bbox 1375 1585 1441 1637; x_wconf 86' lang='lat' dir='ltr'>sit</span> <span class='ocrx_word' id='word_1_127' title='bbox 1471 1586 1636 1655; x_wconf 90' lang='lat' dir='ltr'>orig0,</span> <span class='ocrx_word' id='word_1_128' title='bbox 2119 1590 2145 1658; x_wconf 62' lang='grc' dir='ltr'>[ἱ</span> 
     </span>
     <span class='ocr_line' id='line_1_19' title="bbox 284 1654 1568 1725; baseline 0.002 -20"><span class='ocrx_word' id='word_1_129' title='bbox 284 1672 367 1712; x_wconf 84' lang='lat'>270</span> <span class='ocrx_word' id='word_1_130' title='bbox 455 1654 737 1723; x_wconf 87' lang='lat' dir='ltr'>&#39;attigerint</span> <span class='ocrx_word' id='word_1_131' title='bbox 770 1654 955 1707; x_wconf 86' lang='lat' dir='ltr'>Latias</span> <span class='ocrx_word' id='word_1_132' title='bbox 985 1656 1126 1708; x_wconf 90' lang='lat' dir='ltr'>unde</span> <span class='ocrx_word' id='word_1_133' title='bbox 1156 1656 1320 1725; x_wconf 86' lang='lat' dir='ltr'>petita</span> <span class='ocrx_word' id='word_1_134' title='bbox 1352 1656 1568 1708; x_wconf 84' lang='lat' dir='ltr'>domos?</span> 
     </span>
     <span class='ocr_line' id='line_1_20' title="bbox 396 1725 1736 1794; baseline 0.003 -18"><span class='ocrx_word' id='word_1_135' title='bbox 396 1725 552 1777; x_wconf 89' lang='lat' dir='ltr'>Pana</span> <span class='ocrx_word' id='word_1_136' title='bbox 584 1725 742 1777; x_wconf 89' lang='lat' dir='ltr'>deum</span> <span class='ocrx_word' id='word_1_137' title='bbox 771 1726 975 1794; x_wconf 88' lang='lat' dir='ltr'>pecoris</span> <span class='ocrx_word' id='word_1_138' title='bbox 1006 1735 1210 1778; x_wconf 87' lang='lat' dir='ltr'>veteres</span> <span class='ocrx_word' id='word_1_139' title='bbox 1240 1727 1463 1779; x_wconf 87' lang='lat' dir='ltr'>coluisse</span> <span class='ocrx_word' id='word_1_140' title='bbox 1493 1727 1736 1780; x_wconf 90' lang='lat' dir='ltr'>feruntur</span> 
     </span>
     <span class='ocr_line' id='line_1_21' title="bbox 468 1796 1600 1867; baseline 0.001 -20"><span class='ocrx_word' id='word_1_141' title='bbox 468 1796 732 1848; x_wconf 86' lang='lat' dir='ltr'>Arcades:</span> <span class='ocrx_word' id='word_1_142' title='bbox 765 1796 1011 1848; x_wconf 89' lang='lat' dir='ltr'>Arcadiis</span> <span class='ocrx_word' id='word_1_143' title='bbox 1042 1797 1300 1865; x_wconf 86' lang='lat' dir='ltr'>plurimus</span> <span class='ocrx_word' id='word_1_144' title='bbox 1330 1798 1416 1849; x_wconf 92' lang='lat' dir='ltr'>ille</span> <span class='ocrx_word' id='word_1_145' title='bbox 1446 1798 1600 1867; x_wconf 88' lang='lat' dir='ltr'>iugis.</span> 
     </span>
     <span class='ocr_line' id='line_1_22' title="bbox 397 1866 1769 1937; baseline 0.003 -18"><span class='ocrx_word' id='word_1_146' title='bbox 397 1867 545 1919; x_wconf 90' lang='lat' dir='ltr'>testis</span> <span class='ocrx_word' id='word_1_147' title='bbox 577 1867 674 1918; x_wconf 91' lang='lat' dir='ltr'>erit</span> <span class='ocrx_word' id='word_1_148' title='bbox 702 1866 930 1928; x_wconf 70' lang='lat' dir='ltr'>Pholoe,</span> <span class='ocrx_word' id='word_1_149' title='bbox 961 1877 1120 1919; x_wconf 86' lang='lat' dir='ltr'>testes</span> <span class='ocrx_word' id='word_1_150' title='bbox 1155 1866 1548 1937; x_wconf 85' lang='lat' dir='ltr'>Stymphalides</span> <span class='ocrx_word' id='word_1_151' title='bbox 1578 1869 1769 1932; x_wconf 88' lang='lat' dir='ltr'>undae,</span> 
     </span>
     <span class='ocr_line' id='line_1_23' title="bbox 470 1937 1684 2007; baseline 0.003 -19"><span class='ocrx_word' id='word_1_152' title='bbox 470 1937 666 2004; x_wconf 90' lang='lat' dir='ltr'>quique</span> <span class='ocrx_word' id='word_1_153' title='bbox 699 1937 813 1989; x_wconf 89' lang='lat' dir='ltr'>citis</span> <span class='ocrx_word' id='word_1_154' title='bbox 847 1937 1037 1990; x_wconf 88' lang='lat' dir='ltr'>Ladon</span> <span class='ocrx_word' id='word_1_155' title='bbox 1066 1938 1121 1989; x_wconf 92' lang='lat' dir='ltr'>in</span> <span class='ocrx_word' id='word_1_156' title='bbox 1152 1958 1296 1991; x_wconf 87' lang='lat' dir='ltr'>mare</span> <span class='ocrx_word' id='word_1_157' title='bbox 1328 1939 1487 1991; x_wconf 91' lang='lat' dir='ltr'>currit</span> <span class='ocrx_word' id='word_1_158' title='bbox 1518 1940 1684 2007; x_wconf 86' lang='lat' dir='ltr'>aquis,</span> 
     </span>
     <span class='ocr_line' id='line_1_24' title="bbox 282 2008 1628 2079; baseline 0 -16"><span class='ocrx_word' id='word_1_159' title='bbox 282 2023 364 2062; x_wconf 84' lang='lat'>275</span> <span class='ocrx_word' id='word_1_160' title='bbox 399 2008 674 2075; x_wconf 86' lang='lat' dir='ltr'>cinctaque</span> <span class='ocrx_word' id='word_1_161' title='bbox 704 2008 894 2076; x_wconf 83' lang='lat' dir='ltr'>pinetis</span> <span class='ocrx_word' id='word_1_162' title='bbox 923 2009 1153 2061; x_wconf 85' lang='lat' dir='ltr'>nemoris</span> <span class='ocrx_word' id='word_1_163' title='bbox 1184 2010 1311 2079; x_wconf 86' lang='lat' dir='ltr'>iuga</span> <span class='ocrx_word' id='word_1_164' title='bbox 1340 2010 1628 2063; x_wconf 88' lang='lat' dir='ltr'>Nonacrini</span> 
     </span>
     <span class='ocr_line' id='line_1_25' title="bbox 467 2076 1576 2148; baseline 0.004 -18"><span class='ocrx_word' id='word_1_165' title='bbox 467 2079 676 2146; x_wconf 89' lang='lat' dir='ltr'>altaque</span> <span class='ocrx_word' id='word_1_166' title='bbox 710 2076 930 2147; x_wconf 87' lang='lat' dir='ltr'>Cyllene</span> <span class='ocrx_word' id='word_1_167' title='bbox 959 2079 1381 2148; x_wconf 87' lang='lat' dir='ltr'>Parrhasiaeque</span> <span class='ocrx_word' id='word_1_168' title='bbox 1411 2081 1576 2134; x_wconf 78' lang='lat' dir='ltr'>nives·</span> 
     </span>
     <span class='ocr_line' id='line_1_26' title="bbox 394 2149 1756 2221; baseline 0.004 -21"><span class='ocrx_word' id='word_1_169' title='bbox 394 2149 512 2201; x_wconf 90' lang='lat' dir='ltr'>Pan</span> <span class='ocrx_word' id='word_1_170' title='bbox 545 2158 656 2201; x_wconf 90' lang='lat' dir='ltr'>erat</span> <span class='ocrx_word' id='word_1_171' title='bbox 686 2150 931 2211; x_wconf 88' lang='lat' dir='ltr'>armenti,</span> <span class='ocrx_word' id='word_1_172' title='bbox 963 2150 1082 2202; x_wconf 91' lang='lat' dir='ltr'>Pan</span> <span class='ocrx_word' id='word_1_173' title='bbox 1112 2151 1218 2203; x_wconf 90' lang='lat' dir='ltr'>illic</span> <span class='ocrx_word' id='word_1_174' title='bbox 1247 2171 1444 2206; x_wconf 91' lang='lat' dir='ltr'>numen</span> <span class='ocrx_word' id='word_1_175' title='bbox 1476 2171 1756 2221; x_wconf 87' lang='lat' dir='ltr'>equarum:</span> 
     </span>
     <span class='ocr_line' id='line_1_27' title="bbox 467 2221 1601 2291; baseline 0.004 -20"><span class='ocrx_word' id='word_1_176' title='bbox 467 2239 659 2272; x_wconf 90' lang='lat' dir='ltr'>munus</span> <span class='ocrx_word' id='word_1_177' title='bbox 691 2221 758 2271; x_wconf 92' lang='lat' dir='ltr'>ob</span> <span class='ocrx_word' id='word_1_178' title='bbox 789 2221 1078 2274; x_wconf 90' lang='lat' dir='ltr'>incolumes</span> <span class='ocrx_word' id='word_1_179' title='bbox 1108 2222 1195 2275; x_wconf 92' lang='lat' dir='ltr'>ille</span> <span class='ocrx_word' id='word_1_180' title='bbox 1226 2222 1431 2276; x_wconf 87' lang='lat' dir='ltr'>ferebat</span> <span class='ocrx_word' id='word_1_181' title='bbox 1460 2242 1601 2291; x_wconf 83' lang='lat' dir='ltr'>oves.</span> 
     </span>
     <span class='ocr_line' id='line_1_28' title="bbox 395 2289 1703 2347; baseline 0.005 -6"><span class='ocrx_word' id='word_1_182' title='bbox 395 2291 660 2342; x_wconf 89' lang='lat' dir='ltr'>transtulit</span> <span class='ocrx_word' id='word_1_183' title='bbox 689 2289 943 2344; x_wconf 88' lang='lat' dir='ltr'>Euander</span> <span class='ocrx_word' id='word_1_184' title='bbox 974 2293 1232 2345; x_wconf 87' lang='lat' dir='ltr'>silvestria</span> <span class='ocrx_word' id='word_1_185' title='bbox 1260 2294 1479 2346; x_wconf 90' lang='lat' dir='ltr'>numina</span> <span class='ocrx_word' id='word_1_186' title='bbox 1508 2313 1703 2347; x_wconf 89' lang='lat' dir='ltr'>secum.</span> 
     </span>
    </p>

    <p class='ocr_par' dir='ltr' id='par_1_5' title="bbox 281 2361 1814 2573">
     <span class='ocr_line' id='line_1_29' title="bbox 281 2361 1814 2425; baseline 0.003 -11"><span class='ocrx_word' id='word_1_187' title='bbox 281 2376 365 2415; x_wconf 85' lang='lat'>280</span> <span class='ocrx_word' id='word_1_188' title='bbox 466 2361 575 2423; x_wconf 88' lang='lat' dir='ltr'>hic,</span> <span class='ocrx_word' id='word_1_189' title='bbox 607 2361 701 2413; x_wconf 88' lang='lat' dir='ltr'>ubi</span> <span class='ocrx_word' id='word_1_190' title='bbox 730 2381 871 2414; x_wconf 90' lang='lat' dir='ltr'>nunc</span> <span class='ocrx_word' id='word_1_191' title='bbox 901 2363 1026 2414; x_wconf 90' lang='lat' dir='ltr'>urbs</span> <span class='ocrx_word' id='word_1_192' title='bbox 1058 2374 1160 2425; x_wconf 89' lang='lat' dir='ltr'>est,</span> <span class='ocrx_word' id='word_1_193' title='bbox 1191 2374 1304 2415; x_wconf 90' lang='lat' dir='ltr'>tum</span> <span class='ocrx_word' id='word_1_194' title='bbox 1334 2365 1480 2417; x_wconf 91' lang='lat' dir='ltr'>locus</span> <span class='ocrx_word' id='word_1_195' title='bbox 1510 2365 1655 2417; x_wconf 90' lang='lat' dir='ltr'>urbis</span> <span class='ocrx_word' id='word_1_196' title='bbox 1687 2375 1814 2419; x_wconf 88' lang='lat' dir='ltr'>erat.</span> 
     </span>
     <span class='ocr_line' id='line_1_30' title="bbox 396 2432 1786 2506; baseline 0.004 -24"><span class='ocrx_word' id='word_1_197' title='bbox 396 2432 518 2483; x_wconf 90' lang='lat' dir='ltr'>inde</span> <span class='ocrx_word' id='word_1_198' title='bbox 551 2433 708 2484; x_wconf 90' lang='lat' dir='ltr'>deum</span> <span class='ocrx_word' id='word_1_199' title='bbox 741 2434 960 2484; x_wconf 90' lang='lat' dir='ltr'>colimus</span> <span class='ocrx_word' id='word_1_200' title='bbox 992 2434 1317 2502; x_wconf 85' lang='lat' dir='ltr'>devectaque</span> <span class='ocrx_word' id='word_1_201' title='bbox 1348 2454 1498 2487; x_wconf 88' lang='lat' dir='ltr'>sacra</span> <span class='ocrx_word' id='word_1_202' title='bbox 1526 2436 1786 2506; x_wconf 87' lang='lat' dir='ltr'>Pelasgis.</span> 
     </span>
     <span class='ocr_line' id='line_1_31' title="bbox 466 2503 1759 2573; baseline 0.005 -20"><span class='ocrx_word' id='word_1_203' title='bbox 466 2503 659 2554; x_wconf 89' lang='lat' dir='ltr'>flamen</span> <span class='ocrx_word' id='word_1_204' title='bbox 690 2503 758 2554; x_wconf 89' lang='lat' dir='ltr'>ad</span> <span class='ocrx_word' id='word_1_205' title='bbox 787 2503 918 2556; x_wconf 91' lang='lat' dir='ltr'>haec</span> <span class='ocrx_word' id='word_1_206' title='bbox 948 2504 1121 2573; x_wconf 89' lang='lat' dir='ltr'>prisco</span> <span class='ocrx_word' id='word_1_207' title='bbox 1150 2523 1295 2558; x_wconf 91' lang='lat' dir='ltr'>more</span> <span class='ocrx_word' id='word_1_208' title='bbox 1325 2505 1498 2558; x_wconf 88' lang='lat' dir='ltr'>Dialis</span> <span class='ocrx_word' id='word_1_209' title='bbox 1530 2516 1655 2559; x_wconf 89' lang='lat' dir='ltr'>erat.</span> <span class='ocrx_word' id='word_1_210' title='bbox 1686 2538 1759 2545; x_wconf 86' lang='lat'><em>-</em></span> 
     </span>
    </p>

    <p class='ocr_par' dir='ltr' id='par_1_6' title="bbox 278 2573 1948 3490">
     <span class='ocr_line' id='line_1_32' title="bbox 396 2573 1948 2642; baseline 0.005 -17"><span class='ocrx_word' id='word_1_211' title='bbox 396 2591 489 2625; x_wconf 90' lang='lat' dir='ltr'>cur</span> <span class='ocrx_word' id='word_1_212' title='bbox 516 2573 677 2642; x_wconf 89' lang='lat' dir='ltr'>igitur</span> <span class='ocrx_word' id='word_1_213' title='bbox 707 2583 941 2637; x_wconf 91' lang='lat' dir='ltr'>currant,</span> <span class='ocrx_word' id='word_1_214' title='bbox 974 2585 1025 2627; x_wconf 89' lang='lat' dir='ltr'>et</span> <span class='ocrx_word' id='word_1_215' title='bbox 1056 2593 1150 2627; x_wconf 93' lang='lat' dir='ltr'>cur</span> <span class='ocrx_word' id='word_1_216' title='bbox 1177 2605 1249 2612; x_wconf 91' lang='lat'>—</span> <span class='ocrx_word' id='word_1_217' title='bbox 1278 2577 1352 2628; x_wconf 89' lang='lat' dir='ltr'>sic</span> <span class='ocrx_word' id='word_1_218' title='bbox 1383 2595 1591 2630; x_wconf 85' lang='lat' dir='ltr'>currere</span> <span class='ocrx_word' id='word_1_219' title='bbox 1621 2597 1735 2632; x_wconf 87' lang='lat' dir='ltr'>mos</span> <span class='ocrx_word' id='word_1_220' title='bbox 1765 2588 1845 2631; x_wconf 89' lang='lat' dir='ltr'>est</span> <span class='ocrx_word' id='word_1_221' title='bbox 1872 2607 1948 2618; x_wconf 86' lang='lat'>—·</span> 
     </span>
     <span class='ocr_line' id='line_1_33' title="bbox 465 2644 1681 2718; baseline 0.005 -23"><span class='ocrx_word' id='word_1_222' title='bbox 465 2644 609 2696; x_wconf 86' lang='lat' dir='ltr'>nuda</span> <span class='ocrx_word' id='word_1_223' title='bbox 639 2644 811 2696; x_wconf 89' lang='lat' dir='ltr'>ferant</span> <span class='ocrx_word' id='word_1_224' title='bbox 839 2645 1010 2714; x_wconf 90' lang='lat' dir='ltr'>posita</span> <span class='ocrx_word' id='word_1_225' title='bbox 1041 2664 1260 2716; x_wconf 89' lang='lat' dir='ltr'>corpora</span> <span class='ocrx_word' id='word_1_226' title='bbox 1290 2658 1460 2709; x_wconf 86' lang='lat' dir='ltr'>veste,</span> <span class='ocrx_word' id='word_1_227' title='bbox 1491 2650 1681 2718; x_wconf 84' lang='lat' dir='ltr'>rogas?</span> 
     </span>
     <span class='ocr_line' id='line_1_34' title="bbox 282 2714 1637 2787; baseline 0.004 -20"><span class='ocrx_word' id='word_1_228' title='bbox 282 2728 365 2768; x_wconf 83' lang='lat'>285</span> <span class='ocrx_word' id='word_1_229' title='bbox 397 2714 509 2784; x_wconf 87' lang='lat' dir='ltr'>ipse</span> <span class='ocrx_word' id='word_1_230' title='bbox 541 2715 670 2767; x_wconf 89' lang='lat' dir='ltr'>deus</span> <span class='ocrx_word' id='word_1_231' title='bbox 701 2715 856 2767; x_wconf 89' lang='lat' dir='ltr'>velox</span> <span class='ocrx_word' id='word_1_232' title='bbox 887 2717 1176 2770; x_wconf 89' lang='lat' dir='ltr'>discurrere</span> <span class='ocrx_word' id='word_1_233' title='bbox 1207 2719 1404 2787; x_wconf 87' lang='lat' dir='ltr'>gaudet</span> <span class='ocrx_word' id='word_1_234' title='bbox 1434 2719 1489 2771; x_wconf 90' lang='lat' dir='ltr'>in</span> <span class='ocrx_word' id='word_1_235' title='bbox 1520 2720 1637 2772; x_wconf 90' lang='lat' dir='ltr'>altis</span> 
     </span>
     <span class='ocr_line' id='line_1_35' title="bbox 465 2786 1676 2860; baseline 0.007 -24"><span class='ocrx_word' id='word_1_236' title='bbox 465 2786 755 2847; x_wconf 79' lang='lat' dir='ltr'>montibuS,</span> <span class='ocrx_word' id='word_1_237' title='bbox 789 2796 840 2839; x_wconf 91' lang='lat' dir='ltr'>et</span> <span class='ocrx_word' id='word_1_238' title='bbox 870 2787 1070 2840; x_wconf 84' lang='lat' dir='ltr'>subitas</span> <span class='ocrx_word' id='word_1_239' title='bbox 1102 2789 1330 2858; x_wconf 88' lang='lat' dir='ltr'>concipit</span> <span class='ocrx_word' id='word_1_240' title='bbox 1359 2790 1472 2859; x_wconf 91' lang='lat' dir='ltr'>ipse</span> <span class='ocrx_word' id='word_1_241' title='bbox 1503 2790 1676 2860; x_wconf 78' lang='lat' dir='ltr'>fugas·</span> 
     </span>
     <span class='ocr_line' id='line_1_36' title="bbox 392 2857 1670 2925; baseline 0.005 -17"><span class='ocrx_word' id='word_1_242' title='bbox 392 2857 506 2925; x_wconf 87' lang='lat' dir='ltr'>ipse</span> <span class='ocrx_word' id='word_1_243' title='bbox 537 2857 666 2909; x_wconf 88' lang='lat' dir='ltr'>deus</span> <span class='ocrx_word' id='word_1_244' title='bbox 704 2857 878 2909; x_wconf 90' lang='lat' dir='ltr'>nudus</span> <span class='ocrx_word' id='word_1_245' title='bbox 907 2859 1078 2910; x_wconf 87' lang='lat' dir='ltr'>nudos</span> <span class='ocrx_word' id='word_1_246' title='bbox 1107 2859 1254 2912; x_wconf 90' lang='lat' dir='ltr'>iubet</span> <span class='ocrx_word' id='word_1_247' title='bbox 1283 2860 1358 2912; x_wconf 90' lang='lat' dir='ltr'>ire</span> <span class='ocrx_word' id='word_1_248' title='bbox 1388 2861 1670 2915; x_wconf 89' lang='lat' dir='ltr'>ministros.</span> 
     </span>
     <span class='ocr_line' id='line_1_37' title="bbox 463 2928 1682 2985; baseline 0.005 -6"><span class='ocrx_word' id='word_1_249' title='bbox 463 2946 562 2980; x_wconf 90' lang='lat' dir='ltr'>nec</span> <span class='ocrx_word' id='word_1_250' title='bbox 593 2928 716 2980; x_wconf 86' lang='lat' dir='ltr'>satis</span> <span class='ocrx_word' id='word_1_251' title='bbox 748 2928 815 2980; x_wconf 89' lang='lat' dir='ltr'>ad</span> <span class='ocrx_word' id='word_1_252' title='bbox 846 2947 1028 2981; x_wconf 89' lang='lat' dir='ltr'>cursus</span> <span class='ocrx_word' id='word_1_253' title='bbox 1061 2932 1338 2983; x_wconf 86' lang='lat' dir='ltr'>commoda</span> <span class='ocrx_word' id='word_1_254' title='bbox 1366 2933 1524 2984; x_wconf 88' lang='lat' dir='ltr'>vestis</span> <span class='ocrx_word' id='word_1_255' title='bbox 1557 2943 1682 2985; x_wconf 88' lang='lat' dir='ltr'>erat.</span> 
     </span>
     <span class='ocr_line' id='line_1_38' title="bbox 394 2998 1741 3068; baseline 0.006 -19"><span class='ocrx_word' id='word_1_256' title='bbox 394 3007 514 3051; x_wconf 88' lang='lat' dir='ltr'>ante</span> <span class='ocrx_word' id='word_1_257' title='bbox 544 2998 728 3051; x_wconf 88' lang='lat' dir='ltr'>Iovem</span> <span class='ocrx_word' id='word_1_258' title='bbox 758 3001 995 3068; x_wconf 91' lang='lat' dir='ltr'>genitum</span> <span class='ocrx_word' id='word_1_259' title='bbox 1026 3011 1190 3053; x_wconf 88' lang='lat' dir='ltr'>terras</span> <span class='ocrx_word' id='word_1_260' title='bbox 1220 3001 1468 3056; x_wconf 87' lang='lat' dir='ltr'>habuisse</span> <span class='ocrx_word' id='word_1_261' title='bbox 1498 3003 1741 3057; x_wconf 89' lang='lat' dir='ltr'>feruntur</span> 
     </span>
     <span class='ocr_line' id='line_1_39' title="bbox 278 3070 1562 3142; baseline 0.004 -21"><span class='ocrx_word' id='word_1_262' title='bbox 278 3083 362 3122; x_wconf 85' lang='lat'>290</span> <span class='ocrx_word' id='word_1_263' title='bbox 463 3070 727 3132; x_wconf 85' lang='lat' dir='ltr'>Arcades,</span> <span class='ocrx_word' id='word_1_264' title='bbox 761 3079 811 3123; x_wconf 92' lang='lat' dir='ltr'>et</span> <span class='ocrx_word' id='word_1_265' title='bbox 842 3070 966 3123; x_wconf 87' lang='lat' dir='ltr'>luna</span> <span class='ocrx_word' id='word_1_266' title='bbox 996 3091 1126 3139; x_wconf 86' lang='lat' dir='ltr'>gens</span> <span class='ocrx_word' id='word_1_267' title='bbox 1155 3073 1298 3142; x_wconf 89' lang='lat' dir='ltr'>prior</span> <span class='ocrx_word' id='word_1_268' title='bbox 1328 3074 1418 3125; x_wconf 88' lang='lat' dir='ltr'>illa</span> <span class='ocrx_word' id='word_1_269' title='bbox 1446 3074 1562 3126; x_wconf 88' lang='lat' dir='ltr'>fuit.</span> 
     </span>
     <span class='ocr_line' id='line_1_40' title="bbox 392 3139 1629 3213; baseline 0.005 -23"><span class='ocrx_word' id='word_1_270' title='bbox 392 3139 502 3191; x_wconf 89' lang='lat' dir='ltr'>vita</span> <span class='ocrx_word' id='word_1_271' title='bbox 531 3139 655 3192; x_wconf 90' lang='lat' dir='ltr'>feris</span> <span class='ocrx_word' id='word_1_272' title='bbox 687 3141 894 3203; x_wconf 89' lang='lat' dir='ltr'>similis,</span> <span class='ocrx_word' id='word_1_273' title='bbox 924 3144 1095 3194; x_wconf 89' lang='lat' dir='ltr'>nullos</span> <span class='ocrx_word' id='word_1_274' title='bbox 1127 3143 1325 3212; x_wconf 88' lang='lat' dir='ltr'>agitata</span> <span class='ocrx_word' id='word_1_275' title='bbox 1354 3163 1448 3213; x_wconf 92' lang='lat' dir='ltr'>per</span> <span class='ocrx_word' id='word_1_276' title='bbox 1477 3163 1629 3196; x_wconf 88' lang='lat' dir='ltr'>usus:</span> 
     </span>
     <span class='ocr_line' id='line_1_41' title="bbox 464 3210 1625 3283; baseline 0.005 -22"><span class='ocrx_word' id='word_1_277' title='bbox 464 3210 588 3262; x_wconf 86' lang='lat' dir='ltr'>artis</span> <span class='ocrx_word' id='word_1_278' title='bbox 619 3211 791 3263; x_wconf 88' lang='lat' dir='ltr'>adhuc</span> <span class='ocrx_word' id='word_1_279' title='bbox 823 3230 1009 3280; x_wconf 89' lang='lat' dir='ltr'>expers</span> <span class='ocrx_word' id='word_1_280' title='bbox 1040 3223 1090 3266; x_wconf 93' lang='lat' dir='ltr'>et</span> <span class='ocrx_word' id='word_1_281' title='bbox 1121 3213 1251 3265; x_wconf 91' lang='lat' dir='ltr'>rude</span> <span class='ocrx_word' id='word_1_282' title='bbox 1282 3215 1469 3283; x_wconf 86' lang='lat' dir='ltr'>volgus</span> <span class='ocrx_word' id='word_1_283' title='bbox 1500 3224 1625 3267; x_wconf 86' lang='lat' dir='ltr'>erat.</span> 
     </span>
     <span class='ocr_line' id='line_1_42' title="bbox 329 3281 1895 3354; baseline 0.006 -24"><span class='ocrx_word' id='word_1_284' title='bbox 329 3314 332 3315; x_wconf 25' lang='grc' dir='ltr'><em>ν</em></span> <span class='ocrx_word' id='word_1_285' title='bbox 392 3298 486 3350; x_wconf 89' lang='lat' dir='ltr'>pro</span> <span class='ocrx_word' id='word_1_286' title='bbox 519 3281 761 3332; x_wconf 89' lang='lat' dir='ltr'>domibus</span> <span class='ocrx_word' id='word_1_287' title='bbox 792 3282 1005 3335; x_wconf 88' lang='lat' dir='ltr'>frondes</span> <span class='ocrx_word' id='word_1_288' title='bbox 1034 3292 1246 3346; x_wconf 91' lang='lat' dir='ltr'>norant,</span> <span class='ocrx_word' id='word_1_289' title='bbox 1278 3303 1372 3352; x_wconf 91' lang='lat' dir='ltr'>pro</span> <span class='ocrx_word' id='word_1_290' title='bbox 1403 3285 1646 3354; x_wconf 86' lang='lat' dir='ltr'>frugibus</span> <span class='ocrx_word' id='word_1_291' title='bbox 1677 3286 1895 3342; x_wconf 78' lang='lat' dir='ltr'>herbas:</span> 
     </span>
     <span class='ocr_line' id='line_1_43' title="bbox 462 3353 1640 3424; baseline 0.005 -22"><span class='ocrx_word' id='word_1_292' title='bbox 462 3361 642 3404; x_wconf 88' lang='lat' dir='ltr'>nectar</span> <span class='ocrx_word' id='word_1_293' title='bbox 673 3361 783 3404; x_wconf 87' lang='lat' dir='ltr'>erat</span> <span class='ocrx_word' id='word_1_294' title='bbox 812 3353 1000 3423; x_wconf 83' lang='lat' dir='ltr'>palmis</span> <span class='ocrx_word' id='word_1_295' title='bbox 1029 3353 1219 3406; x_wconf 88' lang='lat' dir='ltr'>hausta</span> <span class='ocrx_word' id='word_1_296' title='bbox 1249 3354 1455 3407; x_wconf 91' lang='lat' dir='ltr'>duabus</span> <span class='ocrx_word' id='word_1_297' title='bbox 1486 3374 1640 3424; x_wconf 86' lang='lat' dir='ltr'>aqua.</span> 
     </span>
     <span class='ocr_line' id='line_1_44' title="bbox 278 3422 1723 3490; baseline 0.002 -13"><span class='ocrx_word' id='word_1_298' title='bbox 278 3437 361 3478; x_wconf 81' lang='lat'>295</span> <span class='ocrx_word' id='word_1_299' title='bbox 392 3423 566 3475; x_wconf 90' lang='lat' dir='ltr'>nullus</span> <span class='ocrx_word' id='word_1_300' title='bbox 598 3422 878 3475; x_wconf 86' lang='lat' dir='ltr'>anhelabat</span> <span class='ocrx_word' id='word_1_301' title='bbox 909 3424 1007 3476; x_wconf 91' lang='lat' dir='ltr'>sub</span> <span class='ocrx_word' id='word_1_302' title='bbox 1038 3424 1242 3478; x_wconf 89' lang='lat' dir='ltr'>adunco</span> <span class='ocrx_word' id='word_1_303' title='bbox 1273 3443 1484 3480; x_wconf 90' lang='lat' dir='ltr'>vomere</span> <span class='ocrx_word' id='word_1_304' title='bbox 1514 3435 1723 3490; x_wconf 85' lang='lat' dir='ltr'>taurus3</span> 
     </span>
    </p>
   </div>
   <div class='ocr_carea' id='block_1_5' title="bbox 2096 1650 2158 3906">
    <p class='ocr_par' dir='ltr' id='par_1_7' title="bbox 2096 1650 2158 3906">
     <span class='ocr_line' id='line_1_45' title="bbox 2096 1650 2158 3906; baseline 0 0"><span class='ocrx_word' id='word_1_305' title='bbox 2096 1650 2158 3906; x_wconf 95' lang='lat' dir='ltr'> </span> 
     </span>
    </p>
   </div>
  </div>
 </body>
</html>
