2158 3906
371 332 472 385 132
923 339 977 383 P.
1013 338 1220 385 OVIDII
1249 338 1520 386 NASONIS

285 464 341 504 55
374 456 425 498 at
457 454 692 496 nostrum
724 440 951 495 tenebris
982 439 1184 492 utinam
1214 441 1451 494 latuisset
1480 442 1536 494 in
1564 441 1705 495 imis!

447 514 677 583 expediit
708 512 878 563 studio
908 511 1088 563 lumen
1118 511 1302 564 abesse
1332 531 1467 565 meo.

375 598 536 653 utque
568 583 662 635 tibi
692 590 912 651 prosunt
942 591 1103 644 arteS,
1134 582 1386 644 facunde,
1419 602 1648 646 severae,

447 653 722 706 dissimiles
754 653 855 704 illis
888 652 961 704 sic
992 671 1218 706 nocuere
1249 653 1392 706 mihi.

376 725 484 778 vita
514 734 690 776 tamen
720 723 816 775 tibi
845 732 970 775 nota
1000 743 1118 776 mea
1149 732 1243 777 est.
1318 725 1419 777 scis
1451 725 1650 778 artibus
1682 726 1783 778 illis

285 817 341 855 60
441 794 668 848 auctoris
699 812 869 846 mores
903 794 1216 847 abstinuisse
1248 794 1353 846 sui:

372 865 471 919 scis
503 874 654 918 vetus
685 864 787 917 hoc
817 865 996 917 iuveni
1025 865 1201 918 lusum
1232 864 1361 917 mihi
1392 883 1629 928 carmen,
1663 875 1714 920 et
1743 867 1889 929 istos,

441 944 500 988 ut
529 954 635 988 non
665 935 983 998 laudandos,
1017 936 1090 988 sic
1120 944 1298 1006 tamen
1329 954 1443 989 esse
1473 936 1639 989 iocos,

370 1025 496 1077 ergo
527 1015 587 1059 ut
617 1006 830 1059 defendi
860 1007 1004 1058 nullo
1035 1025 1154 1059 mea
1183 1025 1339 1076 posse
1372 1007 1560 1069 colore,

442 1078 515 1130 sic
547 1077 790 1131 excusari
820 1077 1040 1130 crimina
1069 1095 1224 1147 posse
1255 1086 1402 1146 puto,

285 1168 338 1207 65
364 1167 475 1217 qua
505 1157 677 1218 poteS,
710 1167 905 1201 excusa
934 1167 1032 1201 nec
1064 1148 1219 1201 amici
1250 1149 1432 1202 desere
1463 1148 1699 1202 causam!

441 1237 546 1288 quo
578 1219 713 1273 bene
746 1219 989 1289 coepisti,
1022 1219 1095 1277 sic
1125 1219 1260 1289 pede
1292 1238 1499 1289 semper
1528 1239 1634 1273 eas,

1176 1332 1254 1384 X.

368 1431 468 1485 Est
497 1431 624 1484 mihi
657 1431 878 1500 (sitque,
910 1432 1146 1502 precor),
1178 1432 1346 1485 flavae
1379 1433 1542 1485 tutela
1571 1428 1869 1495 Minervae,

440 1503 613 1565 naviS‚
646 1512 697 1555 et
729 1523 760 1555 a
789 1503 930 1572 picta
961 1503 1162 1555 casside
1192 1521 1385 1555 nomen
1415 1503 1589 1555 habet.

370 1575 479 1627 sive
510 1592 642 1643 opus
674 1583 753 1626 est
782 1574 935 1636 velis,
967 1573 1241 1626 minimam
1272 1574 1407 1627 bene
1438 1573 1600 1626 currit
1631 1573 1698 1625 ad
1729 1592 1939 1626 auram:

441 1645 550 1698 sive
581 1663 714 1713 opus
746 1654 825 1697 est
854 1663 1023 1707 remo,
1054 1645 1253 1714 remige
1285 1645 1454 1714 carpit
1484 1644 1598 1697 iter.

312 1736 337 1775 5
368 1734 467 1769 nec
498 1716 714 1769 comites
746 1715 947 1768 volucri
978 1724 1221 1768 contenta
1251 1725 1329 1768 est
1358 1715 1567 1768 vincere
1600 1733 1774 1777 cursu,

444 1795 668 1855 occupat
699 1805 936 1856 egressas
970 1786 1260 1854 quamlibet
1290 1795 1409 1839 ante
1440 1795 1596 1848 rateS,

371 1866 421 1910 et
452 1857 650 1927 patitur
679 1857 870 1908 fluctus
902 1857 1108 1924 fertque
1141 1856 1425 1909 assilientia
1454 1857 1611 1926 longe

440 1946 694 1995 aequora,
728 1946 825 1980 nec
857 1928 1027 1980 saevis
1057 1927 1162 1979 icta
1191 1927 1388 1979 fatiscit
1418 1927 1585 1995 aquis·

365 1998 479 2060 illa,
516 1997 866 2050 Corinthiacis
897 1998 1126 2067 primum
1157 1998 1285 2050 mihi
1317 1998 1527 2068 cognita
1560 1996 1865 2061 Cenchreis,

284 2089 336 2128 10
439 2069 545 2120 fida
575 2078 753 2121 manet
783 2069 1018 2138 trepidae
1050 2069 1262 2137 duxque
1294 2087 1576 2137 comesque
1607 2069 1784 2139 fugae,

367 2158 567 2209 perque
598 2148 673 2192 tot
705 2150 923 2193 eventus
955 2149 1006 2193 et
1034 2139 1228 2208 iniquis
1260 2140 1466 2193 concita
1496 2140 1666 2193 ventis

439 2229 670 2279 aequora
699 2210 942 2263 Palladio
974 2211 1189 2263 numine
1221 2220 1334 2263 tuta
1363 2211 1480 2263 fuit.

366 2300 508 2334 nunc
539 2299 751 2350 quoque
782 2290 921 2342 tuta,
954 2300 1162 2350 precor,
1194 2282 1328 2334 vasti
1360 2291 1501 2335 secet
1531 2282 1664 2334 ostia
1692 2281 1871 2345 Ponti,

439 2369 677 2419 quasque
707 2352 862 2421 petit,
897 2351 1074 2405 Getici
1102 2353 1266 2405 litoris
1296 2353 1455 2405 intret
1484 2371 1665 2421 aquas.

284 2444 334 2483 15
367 2440 503 2490 quae
535 2423 691 2474 simul
721 2423 942 2475 Aeoliae
973 2442 1116 2475 mare
1146 2422 1231 2476 me
1264 2424 1483 2476 deduxit
1513 2424 1567 2475 in
1598 2424 1800 2486 Helles,

439 2503 491 2545 et
520 2494 739 2563 longum
769 2493 915 2545 tenui
943 2493 1106 2546 limite
1137 2493 1262 2546 fecit
1290 2494 1404 2556 iter,

365 2564 607 2615 fleximus
638 2564 692 2615 in
722 2563 932 2616 laevum
963 2582 1172 2626 cursus,
1204 2573 1256 2618 et
1286 2565 1353 2617 ab
1385 2564 1632 2617 Hectoris
1662 2564 1794 2617 urbe

437 2634 678 2687 venimus
709 2635 776 2686 ad
805 2644 1011 2704 portus,
1042 2635 1241 2687 Imbria
1271 2645 1435 2698 terra,
1467 2645 1601 2688 tuos.

364 2704 487 2757 inde
518 2705 622 2757 levi
652 2714 808 2758 vento
842 2706 1130 2775 Zerynthia
1160 2706 1313 2758 litora
1342 2716 1499 2759 nacta

281 2794 335 2834 20
436 2775 736 2829 Threiciam
767 2777 939 2846 tetigit
970 2777 1110 2829 fessa
1140 2776 1318 2829 carina
1350 2776 1565 2830 Samon.

365 2847 529 2899 saltus
560 2847 627 2906 aab
658 2846 756 2900 hac
787 2856 925 2900 terra
956 2848 1128 2901 brevis
1160 2857 1238 2901 est
1267 2848 1538 2918 Tempyra
1567 2849 1782 2918 petenti.

435 2918 536 2970 hac
567 2917 840 2970 dominum
864 2928 1022 2987 'tenus
1055 2928 1134 2971 est
1162 2919 1252 2971 illa
1283 2930 1465 2972 secuta
1497 2938 1668 2972 suum.

364 3008 488 3040 nam
518 2988 648 3040 mihi
678 2989 946 3042 Bistonios
978 2989 1176 3059 placuit
1205 2990 1341 3059 pede
1373 3009 1586 3060 carpere
1618 3008 1858 3060 campos:

436 3060 892 3129 Hellespontiacas
922 3061 1012 3113 illa
1040 3060 1227 3130 relegit
1257 3079 1420 3129 aquas

280 3146 334 3186 25
364 3128 798 3199 Dardaniamque
828 3131 958 3200 petit
988 3132 1214 3184 auctoris
1243 3149 1436 3184 nomen
1465 3131 1747 3184 habentem

437 3209 488 3252 et
519 3209 570 3253 te
600 3201 849 3263 ruricola,
882 3201 1204 3271 Lampsace,
1235 3211 1350 3254 tuta
1380 3203 1496 3264 de0,

363 3288 573 3338 quaque
603 3290 697 3341 per
726 3280 978 3340 angustas
1008 3281 1189 3324 vectae
1218 3273 1355 3325 male
1386 3272 1604 3341 virginis
1635 3273 1806 3326 undas

436 3340 630 3395 Seston
659 3341 926 3411 Abydena
957 3351 1165 3412 separat
1194 3343 1324 3394 urbe
1354 3342 1565 3404 fretum,

362 3412 523 3479 inque
553 3411 922 3482 Propontiacis
952 3413 1255 3466 haerentem
1287 3411 1521 3481 Cyzicon
1553 3413 1674 3476 oriS,

278 3499 332 3539 30
437 3480 694 3552 Cyzicon,
727 3484 1055 3539 Haemoniae
1084 3483 1258 3537 nobile
1289 3484 1460 3555 gentis
1493 3503 1645 3554 opuS‚
