2158 3906
328 339 435 398 276
885 347 939 389 Ρ.
973 346 1180 397 OVIDII
1209 347 1479 393 NASONIS

334 470 432 505 nec
463 468 652 518 corpus
684 456 900 500 cunctos
931 448 1149 501 feliciter
1181 449 1367 519 effugit
1396 450 1555 503 ictus:

251 540 306 579 40
408 521 499 573 sed
530 520 698 570 minor
729 528 808 570 est
839 518 946 571 acri
976 519 1146 572 laudis
1178 538 1355 573 amore
1387 521 1549 573 dolor.

336 592 451 643 talis
483 589 625 658 apud
655 588 870 640 Troiam
900 587 1104 642 Danais
1134 608 1229 659 pro
1260 591 1486 644 navibus
1517 591 1660 645 Aiax

408 660 595 712 dicitur
626 660 918 718 Hectoreas
951 661 1260 714 sustinuisse
1296 661 1454 716 faces,
1695 715 1699 717 μ

333 740 391 784 ut
421 730 636 800 propius
668 739 891 782 ventum·
915 740 993 783 est
1024 731 1339 800 admotaque
1371 733 1587 786 dextera
1617 734 1848 799 dextrae,

404 819 593 868 resque
625 800 736 853 fero
766 801 935 870 potuit
967 802 1259 855 comminus
1292 806 1416 857 ense
1446 804 1576 874 geri,

248 889 301 928 45
335 872 506 926 dicere
538 871 751 924 difficile
782 881 887 935 est,
919 873 1045 941 quid
1075 873 1225 926 Mars
1256 883 1379 926 tuus
1410 875 1576 943 egerit
1605 875 1726 938 illic,

405 951 638 1011 quotque
669 943 786 995 neci
818 943 1046 1006 dederis,
1078 961 1342 1012 quosque,
1374 945 1671 1014 quibusque
1702 945 1888 1000 modis.

335 1032 458 1079 ense
489 1022 579 1065 tuo
611 1013 778 1077 factos
810 1014 1051 1083 calcabas
1082 1014 1249 1068 victor
1279 1034 1512 1079 acerVOS,

403 1083 752 1154 impositoque
785 1082 950 1138 Getes
983 1085 1080 1137 sub
1111 1086 1245 1155 pede
1277 1086 1472 1139 multus
1505 1096 1630 1140 erat.

331 1164 535 1225 pugnat
566 1154 636 1207 ad
665 1156 966 1225 exemplum
996 1156 1151 1226 primi
1181 1157 1351 1209 minor
1381 1157 1569 1213 ordine,
1595 1158 1702 1228 pili,

248 1242 302 1282 50
344 1265 346 1267 ψ
403 1226 673 1293 multaque
705 1226 808 1278 fert
836 1227 986 1280 miles
1018 1228 1260 1289 vulnera,
1292 1229 1456 1281 multa
1486 1229 1627 1282 facit.

333 1296 426 1349 sed
456 1306 661 1349 tantum
692 1297 855 1349 virtus
887 1297 1017 1350 alios
1048 1306 1139 1350 tua
1169 1299 1418 1368 praeterit
1449 1318 1646 1363 omnes,

404 1377 523 1421 ante
555 1367 683 1420 citos
716 1377 972 1436 quantum
1002 1368 1243 1439 Pegasus
1274 1370 1384 1423 ibat
1415 1388 1594 1439 equos.

332 1437 557 1490 vincitur
586 1438 839 1507 Aegisos:
872 1448 1166 1508 testataque
1198 1450 1406 1511 tempus
1436 1441 1492 1494 in
1522 1459 1675 1494 omne

403 1519 524 1561 sunt
554 1517 669 1571 tua,
702 1509 956 1572 Vestalis,
989 1511 1218 1564 carmine
1249 1511 1390 1565 facta
1419 1530 1564 1566 mec.-

1101 1624 1259 1678 VIII.

330 1720 535 1773 Littera
565 1739 682 1774 sera
713 1720 949 1789 quidem,
983 1722 1167 1774 studiis
1200 1723 1406 1777 exculte
1439 1723 1609 1786 Suilli,
1717 1723 1754 1766 S
1769 1723 1816 1766 U
1817 1723 1849 1767 Ι
1853 1723 1979 1767 LLI
1985 1724 2037 1767 0·

401 1791 505 1843 huc
536 1800 626 1843 tua
656 1793 919 1860 pervenit,
952 1793 1044 1845 sed
1075 1793 1202 1845 mihi
1232 1804 1383 1863 grata
1415 1804 1606 1857 tamen,

331 1879 460 1930 qua,
491 1861 580 1931 pia
610 1862 654 1914 si
685 1862 850 1931 possit
881 1881 1097 1933 superos
1129 1864 1291 1916 lenire
1322 1865 1558 1934 rogando

401 1933 595 2001 gratia,
628 1933 860 1985 laturum
890 1941 940 1985 te
971 1933 1100 1986 mihi
1130 1934 1257 1986 dicis
1289 1952 1460 2004 opem.

272 2020 299 2060 5
330 2011 389 2055 ut
410 2003 524 2055 'iam
554 2003 628 2054 nil
657 2012 916 2073 praesteS,
949 2004 1109 2056 animi
1141 2024 1256 2057 sum
1288 2005 1459 2058 factus
1492 2006 1646 2059 amici

401 2073 628 2136 debitor,
663 2084 715 2127 et
744 2075 990 2128 meritum
1020 2075 1154 2128 velle
1183 2076 1366 2129 iuvare
1397 2095 1544 2130 vocO.

327 2144 554 2214 impetus
584 2144 682 2197 iste
714 2154 836 2198 tuus
867 2146 1085 2215 longum
1115 2147 1272 2200 modo
1305 2147 1458 2201 duret
1486 2147 1541 2200 in
1571 2166 1779 2212 aevum,

398 2234 531 2268 neve
562 2216 713 2268 malis
742 2217 909 2286 pietas
941 2218 1007 2269 sit
1037 2226 1128 2270 tua
1157 2218 1296 2271 lassa
1325 2219 1471 2272 meis.

327 2286 410 2339 ius
436 2286 654 2354 aliquod
684 2286 886 2340 faciunt
917 2288 1110 2341 adfinia
1139 2289 1352 2342 vincula
1380 2290 1549 2352 nobiS,

247 2375 298 2414 10
399 2375 534 2426 quae
567 2376 773 2427 semper
802 2368 1050 2411 maneant
1079 2359 1397 2413 inlabefacta
1425 2378 1625 2430 precor.

328 2447 450 2480 nam
482 2428 576 2479 tibi
612 2446 748 2496 quae
779 2429 1034 2492 coniunx,
1066 2431 1250 2483 eadem
1281 2430 1410 2483 mihi
1438 2432 1545 2483 filia
1574 2450 1740 2500 paene
1751 2452 1767 2494 3

401 2508 452 2551 et
483 2516 618 2565 quae
649 2508 700 2552 te
729 2518 1009 2568 generum,
1042 2519 1126 2554 me
1156 2509 1310 2553 vocat
1338 2501 1428 2554 illa
1458 2502 1645 2553 virum.

331 2569 379 2621 ei
409 2568 560 2630 mihi,
593 2569 636 2620 si
665 2569 813 2622 lectis
844 2571 1049 2622 vultum
1080 2580 1138 2623 tu
1167 2571 1405 2624 versibus
1435 2571 1547 2624 istis

401 2639 548 2692 ducis
579 2648 631 2692 et
661 2639 889 2697 adfinem
918 2650 969 2693 te
999 2641 1164 2711 pudet
1194 2661 1307 2695 esse
1338 2643 1537 2695 meum!

248 2728 298 2767 15
332 2719 385 2762 at
415 2709 544 2761 nihil
573 2709 658 2762 hic
690 2710 910 2780 dignum
939 2712 1133 2781 poteris
1164 2713 1391 2782 reperire
1422 2714 1622 2783 pudore

399 2789 607 2850 praeter
636 2780 925 2844 fortunam,
958 2800 1094 2851 quae
1124 2783 1253 2835 mihi
1284 2802 1441 2837 caeca
1470 2784 1587 2837 fuit.

329 2870 423 2904 seu
453 2870 620 2921 genus
653 2852 887 2905 excutias
898 2892 912 2916 ,
945 2854 1147 2921 equites
1179 2855 1246 2906 ab
1278 2855 1478 2925 origine
1509 2855 1678 2925 prima

398 2940 566 2990 usque
597 2941 691 2992 per
720 2923 1021 2977 innumeros
1050 2924 1379 2978 inveniemur
1408 2944 1557 2978 avos:

328 2993 438 3046 sive
469 2993 746 3062 velis„q‘ui
777 2994 879 3047 sint
908 3013 1078 3049 mores
1088 3034 1102 3058 ,
1133 2996 1419 3065 inquirere,
1450 2996 1630 3059 nostri,
1660 3026 1731 3034 —

243 3081 298 3120 20
399 3082 627 3117 errorem
656 3065 846 3118 misero
878 3065 1117 3130 detrahe,
1146 3097 1218 3105 -
1245 3067 1366 3122 labe
1394 3077 1588 3121 carent.

327 3142 385 3186 tu
416 3135 572 3187 modo
604 3134 647 3187 si
676 3135 805 3203 quid
835 3137 923 3206 agi
953 3137 1187 3207 sperabis
1217 3156 1371 3208 posse
1402 3138 1681 3208 precando,

399 3222 530 3272 quos
562 3205 712 3268 coliS,
744 3225 903 3259 exora
932 3209 1167 3277 supplice
1198 3227 1326 3262 voce
1358 3209 1499 3262 deos.

328 3275 382 3326 di
412 3275 508 3327 tibi
538 3284 658 3328 sunt
689 3274 889 3334 Caesar
916 3278 1146 3331 iuvenis:
1177 3287 1269 3332 tua
1297 3279 1515 3332 numina
1545 3279 1719 3349 placa3

398 3345 497 3397 hac
529 3355 667 3399 certe
698 3347 844 3400 nulla
873 3357 952 3401 est
980 3348 1151 3400 notior
1181 3368 1272 3402 ara
1302 3349 1411 3402 tibi.

243 3433 295 3472 25
326 3434 431 3468 non
464 3416 586 3468 sinit
614 3416 703 3468 illa
733 3417 814 3469 sui
844 3436 1006 3470 vanas
1038 3419 1280 3471 antistitis
1312 3438 1563 3488 umquam

399 3505 513 3540 esse
544 3505 749 3557 preces:
782 3489 969 3545 nostris
1001 3488 1122 3544 hinc
1151 3499 1270 3559 pete
1301 3490 1458 3546 rebus
1490 3510 1660 3562 opem.
