2158 3906
333 366 647 415 TRISTIUM
675 368 797 412 LIB.
823 367 909 412 111.
941 367 1072 423 XIV,
1104 365 1340 411 39-L113.
1360 365 1442 411 IV.
1472 365 1509 422 1,
1543 365 1612 410 70.
1731 353 1832 405 167

93 516 96 520 ,
121 490 229 528 non
259 468 504 539 equidem
534 469 748 532 vellem,
779 469 1031 538 quoniam
1060 467 1299 521 nocitura
1328 467 1559 528 fuerunt,

194 539 466 596 Pieridum
496 540 656 594 sacris
687 540 997 610 imposuisse
1027 557 1267 591 manum:

124 613 218 668 sed
245 629 386 665 nunc
417 610 545 680 quid
573 610 798 664 faciam?
828 611 906 663 vis
936 629 1021 664 me
1052 620 1194 663 tenet
1223 609 1339 680 ipsa
1370 627 1626 671 sororum,

195 691 247 738 et
277 700 488 736 carmen
518 681 735 735 demens
767 681 997 735 carmine
1028 681 1200 734 laesus
1231 697 1368 733 amc.
1866 694 1922 735 3ο

123 754 200 809 sic
228 771 367 807 nova
395 751 648 806 Dulichio
678 753 817 805 lotus
848 761 1060 822 gustata
1091 752 1267 821 palato

193 823 307 888 illo,
339 841 446 893 quo
475 823 680 886 nocuit,
711 833 863 894 grata
894 841 1079 893 sapore
1110 823 1226 875 fuit.

123 894 281 951 sentit
310 913 493 948 amans
523 914 621 948 sua
650 894 843 948 damna
872 894 1005 947 fere:
1038 903 1215 946 tamen
1245 892 1425 946 haeret
1455 893 1508 945 in
1540 892 1658 956 illis,

194 965 468 1020 materiam
498 966 685 1036 culpae
715 965 1149 1036 persequiturque
1180 983 1323 1017 suae.

121 1054 219 1091 nos
249 1053 464 1106 quoque
492 1036 778 1098 delectant,
808 1036 1051 1105 quamvis
1082 1053 1333 1097 nocuere,
1364 1034 1552 1087 libelli:
1866 1049 1920 1090 35

194 1107 441 1177 quodque
473 1107 600 1159 mihi
630 1109 794 1160 telum
825 1107 1043 1159 vulnera
1072 1104 1221 1167 fecit,
1253 1123 1389 1158 amo.

122 1177 344 1232 forsitan
374 1177 475 1230 hoc
506 1178 738 1231 studium
806 1178 933 1230 ossit
962 1177 1110 1229 furor
1140 1195 1254 1229 esse
1286 1175 1473 1228 videri:

195 1249 290 1303 sed
319 1248 571 1318 quiddam
602 1249 749 1301 furor
815 1249 863 1300 ic
893 1246 1130 1300 utilitatis
1163 1246 1337 1298 habet.

76 1323 78 1326 ’
122 1338 331 1390 semper
359 1319 414 1372 in
444 1319 632 1373 obtutu
661 1329 892 1373 mentem
922 1325 1065 1371 vetat
1095 1335 1209 1369 esse
1240 1316 1516 1378 malorum,

193 1389 483 1462 praesentis
514 1409 666 1443 casus
697 1390 1146 1456 inmemoremque
1177 1387 1319 1439 facit.
1866 1403 1924 1442 40

122 1470 287 1531 utque
318 1480 474 1515 suum
503 1460 715 1514 Bacche
744 1478 850 1512 non
882 1458 1038 1512 sentit
1070 1457 1249 1510 saucia
1279 1457 1488 1520 vulnus,

60 1535 62 1538 ’
172 1532 324 1585 dum
353 1540 530 1602 stupet
558 1530 734 1585 Idaeis
765 1529 1034 1583 exululata
1064 1529 1219 1598 iugis,

123 1602 199 1658 sic
229 1601 322 1655 ubi
351 1613 496 1656 mota
524 1601 697 1656 calent
727 1600 880 1653 viridi
910 1619 1029 1654 mea
1058 1609 1273 1670 pectora
1302 1598 1501 1669 thyrs0,

59 1726 65 1735 ,
141 1721 150 1731 .
194 1673 346 1727 altior
373 1671 605 1726 humano
635 1672 847 1743 spiritus
877 1671 965 1725 ille
996 1671 1135 1723 malo
1166 1680 1262 1724 est.

122 1740 210 1799 ille
238 1761 338 1799 nec
366 1742 582 1798 exilium
613 1741 850 1814 Scythici
879 1760 977 1796 nec
1006 1742 1160 1795 litora
1189 1740 1366 1804 Ponti,
1859 1757 1919 1797 45

192 1815 280 1869 ille
309 1833 407 1869 nec
435 1814 595 1868 iratos
627 1813 783 1869 sentit
813 1813 1009 1868 habere
1040 1813 1183 1866 deos.

122 1894 286 1956 utque
317 1885 636 1957 soporiferae
667 1885 901 1939 biberem
933 1884 977 1938 si
1007 1885 1196 1955 pocula
1227 1883 1443 1946 Lethes,

194 1957 444 2028 temporis
473 1956 680 2010 adversi
711 1957 785 2010 sic
815 1956 944 2009 mihi
974 1974 1157 2009 sensus
1190 1955 1353 2008 abest.

122 2027 235 2083 iure
266 2028 392 2083 deas
421 2027 584 2099 igitur
613 2046 834 2082 veneror
862 2027 1003 2079 mala
1033 2036 1210 2079 nostra
1242 2027 1493 2089 levantes,

194 2099 446 2153 sollicitae
477 2098 693 2153 comites
723 2118 790 2152 ex
820 2098 1079 2152 Helicone
1110 2098 1288 2167 fugae,
1863 2113 1921 2153 50

122 2179 178 2225 et
205 2170 398 2241 partim
425 2170 617 2241 pelago
646 2170 838 2240 partim
870 2169 1092 2239 vestigia
1122 2178 1259 2222 terra

193 2242 278 2295 vel
307 2249 418 2294 rate
449 2241 501 2294 di
541 2249 691 2294 natas
721 2242 806 2294 vel
836 2240 971 2311 pede
1003 2249 1180 2292 nostra
1211 2239 1377 2307 sequi.

125 2311 251 2375 sint,
281 2330 491 2382 precor,
560 2330 622 2365 ae
653 2313 836 2365 saltem
868 2311 1049 2364 faciles
1079 2309 1232 2362 mihi!
1264 2326 1493 2378 namque
1526 2309 1746 2363 deorum

195 2391 370 2437 cetera
399 2401 520 2436 cum
550 2401 744 2451 magno
778 2381 1009 2435 Caesare
1040 2382 1195 2434 turba
1225 2380 1352 2433 facit

60 2502 87 2513 x
125 2472 313 2524 meque
343 2462 422 2507 tot
451 2453 686 2508 adversis
717 2454 1012 2514 cumulant,
1044 2464 1170 2521 quot
1201 2451 1324 2504 litus
1356 2451 1597 2514 harenas,
1864 2469 1917 2509 55

195 2533 430 2594 quotque
459 2524 655 2579 fretum
684 2525 854 2595 pisces
884 2543 1091 2592 ovaque
1121 2523 1278 2593 piscis
1310 2522 1484 2575 habet.

127 2613 248 2650 vere
278 2596 424 2666 prius
453 2596 632 2660 flores,
666 2606 815 2650 aestu
845 2595 1148 2648 numerabis
1180 2594 1381 2655 aristas,

195 2685 354 2738 poma
382 2685 477 2737 per
506 2676 821 2720 autumnum
850 2666 1244 2737 frigoribusque
1276 2664 1441 2725 nives,

128 2754 286 2807 quam
315 2737 479 2800 mala,
510 2755 646 2806 quae
677 2747 786 2790 toto
817 2739 989 2807 patior
1019 2739 1242 2789 iactatus
1272 2736 1328 2788 in
1359 2736 1503 2796 orbe,

199 2809 326 2862 dum
355 2808 514 2862 miser
543 2808 741 2861 Euxini
770 2809 923 2861 litora
952 2810 1104 2860 laeva
1133 2818 1271 2877 pet0.
1515 2809 1521 2813 ⁴
1867 2823 1923 2863 60

100 2910 102 2912 v
126 2889 224 2933 nec
253 2888 454 2942 tamen,
484 2888 545 2932 ut
574 2879 721 2942 veni,
751 2879 917 2932 levior
946 2879 1159 2931 fortuna
1188 2878 1446 2930 malorum
1479 2886 1582 2929 est:

199 2949 302 3003 huc
331 2967 544 3019 quoque
575 2959 697 3003 sunt
725 2959 930 3003 nostras
961 2949 1071 3002 fata
1101 2958 1284 3001 secuta
1312 2949 1448 3009 vias3

0 3019 6 3178 Ι
130 3019 214 3075 hic
243 3038 454 3090 quoque
485 3039 745 3091 cognosco
775 3021 964 3073 natalis
994 3019 1220 3072 stamina
1250 3018 1432 3081 nostri,

0 3204 3 3275 ἒ

7 2959 15 2966 w

202 3091 426 3145 stamina
455 3091 520 3146 de
550 3092 702 3162 nigro
732 3093 925 3146 vellere
955 3091 1097 3143 facta
1126 3090 1272 3142 mihi.

131 3171 294 3231 utque
322 3178 496 3232 neque
524 3161 740 3216 insidias
771 3163 1060 3232 capitisque
1091 3161 1324 3232 pericula
1353 3180 1578 3223 narrem,
1871 3179 1924 3217 65

203 3251 328 3287 vera
355 3233 595 3302 quidem,
627 3234 736 3288 veri
767 3234 861 3287 sed
889 3234 1133 3304 graviora
1162 3233 1289 3285 fide:
1452 3229 1456 3233 ’

134 3302 310 3357 vivere
339 3321 498 3373 quam
526 3305 777 3359 miserum
807 3315 886 3358 est
915 3306 1051 3357 inter
1079 3305 1379 3372 Bessosque
1413 3302 1687 3372 Getasque

204 3373 375 3436 illum,
407 3376 498 3444 qui
526 3377 706 3446 populi
739 3395 946 3446 semper
974 3375 1030 3427 in
1059 3394 1148 3428 ore
1179 3375 1303 3427 fuit!

134 3460 295 3513 quam
323 3446 572 3519 miserum
604 3457 706 3510 est,
737 3458 888 3517 porta
919 3447 1081 3499 vita-m
1112 3463 1367 3515 muroque
1399 3446 1551 3508 tueri,

209 3514 399 3586 vixque
431 3517 512 3569 sui
541 3526 713 3570 tutum
745 3518 945 3571 viribus
977 3536 1091 3571 esse
1121 3516 1247 3570 loci!
1880 3533 1934 3571 70
