2158 3906
554 337 904 386 FASTORUM
931 338 1054 383 LIB.
1086 339 1145 385 V.
1178 339 1418 385 571—656.

136 458 293 512 saepe
323 438 454 493 deus
484 440 716 509 prudens
748 450 955 510 tergum
989 440 1198 494 demisit
1227 440 1283 494 in
1313 438 1502 503 undae,

207 512 419 565 haereat
451 520 508 562 ut
540 511 674 563 collo
704 510 893 564 fortius
923 512 1012 565 illa
1043 530 1155 564 suo·

135 581 375 638 litoribus
406 580 560 634 tactis
592 582 766 634 stabat
795 582 906 634 sine
938 583 1184 635 cornibus
1214 582 1334 635 ullis

206 651 469 724 Iuppiter,
500 651 658 720 inque
692 652 848 705 deum
881 653 946 705 de
976 653 1110 706 bove
1143 672 1327 707 versus
1360 662 1487 706 erat.

136 731 318 779 taurus
345 722 441 776 init
474 723 677 777 caelum
688 743 701 786 3
734 732 808 786 te,
842 721 1052 787 Sidoni,
1084 724 1325 794 Iuppiter
1353 723 1555 794 implet,

207 811 435 865 parsque
465 803 614 847 tuum
646 804 816 848 terrae
847 795 1001 848 tertia
1030 814 1221 847 nomen
1251 794 1427 848 habet.

135 865 237 920 hoc
267 865 355 918 alii
384 864 595 935 signum
624 864 876 918 Phariam
909 866 1087 919 dixere
1118 866 1414 928 iuvencam,

208 954 343 1005 quae
373 936 469 989 bos
499 955 565 990 ex
595 936 804 990 homine
835 946 938 1000 est,
975 956 1040 990 ex
1073 937 1207 990 bove
1237 935 1379 989 facta
1409 936 1524 990 dea.
1555 965 1629 976 -

135 1015 248 1061 tum
280 1025 490 1077 quoque
522 1007 813 1077 priscorum
844 1008 994 1077 virgo
1026 1008 1308 1061 simulacra
1337 1007 1570 1061 virorum

207 1078 413 1131 mittere
444 1078 665 1132 roboreo
696 1079 900 1148 scirpea
930 1089 1089 1148 ponte
1122 1079 1269 1131 solet.

135 1167 357 1220 corpora
387 1158 506 1219 post
535 1149 708 1202 decies
741 1168 894 1203 senos
926 1149 1017 1217 qui
1048 1149 1270 1203 credidit
1299 1167 1467 1202 annos

207 1219 367 1273 missa
396 1219 537 1282 neci,
570 1220 779 1273 sceleris
811 1220 1025 1272 crimine
1057 1220 1272 1272 damnat
1302 1237 1445 1271 avos.

135 1289 281 1344 fama
310 1299 485 1352 vetus,
516 1299 642 1342 tunc
673 1308 795 1343 cum
827 1289 1076 1343 Saturnia
1106 1300 1246 1344 terra
1275 1300 1464 1343 vocata
1494 1298 1593 1352 est,

207 1361 332 1414 talia
359 1360 561 1413 fatidici
592 1360 732 1413 dicta
761 1360 925 1414 fuisse
958 1360 1120 1414 senis:

137 1431 398 1486 ‘falcifero
427 1431 590 1484 libata
619 1431 733 1484 seni
763 1432 869 1484 duo
901 1450 1122 1514 corpora
1149 1431 1323 1501 gentis

206 1502 420 1566 mittite,
450 1519 587 1571 quae
617 1501 808 1555 Tuscis
839 1502 1171 1572 excip1antur
1201 1502 1400 1571 aquis’:

137 1573 304 1628 donec
333 1573 388 1627 in
416 1572 548 1627 haec
579 1573 723 1626 venit
752 1573 1062 1643 Tirynthius
1093 1592 1244 1636 arva,
1277 1573 1561 1642 quotannis

206 1644 373 1698 tristia
402 1643 676 1698 Leucadio
709 1662 858 1698 sacra
887 1655 1103 1715 peracta
1131 1644 1313 1697 modo:

90 1772 94 1778 ,
135 1715 283 1770 illum
315 1715 622 1770 stramineos
653 1715 707 1768 in
738 1733 931 1785 aquam
960 1716 1165 1769 misisse
1196 1715 1457 1782 Quirites:

208 1787 456 1841 Herculis
486 1787 727 1857 exemplo
757 1805 978 1858 corpora
1008 1787 1144 1840 falsa
1173 1786 1291 1839 iaci.

135 1876 258 1929 pars
288 1867 462 1929 putat,
492 1866 552 1911 'ut
581 1858 779 1911 ferrent
807 1859 1023 1912 iuvenes
1055 1858 1311 1928 suffragia
1341 1857 1456 1921 soli,

208 1929 454 2000 pontibus
484 1928 717 1982 infirmos
748 1930 1120 2000 praecipitasse
1152 1949 1320 1983 senes.

136 2000 366 2070 Thybri,
397 2000 526 2054 doce
557 2019 757 2054 verum.
832 2010 924 2054 tua
951 2000 1068 2072 ripa
1097 2000 1353 2054 vetustior
1381 2000 1513 2055 urbe
1545 2009 1649 2055 est:

208 2070 525 2142 principium
554 2071 686 2123 ritus
716 2081 774 2124 tu
804 2071 938 2125 bene
968 2090 1125 2125 nosse
1154 2082 1321 2142 potes.

138 2141 369 2212 Thybris
399 2141 797 2207 harundiferum
826 2143 999 2196 medio
1030 2152 1189 2212 caput
1219 2142 1406 2196 extulit
1437 2142 1589 2196 alveo

208 2231 473 2281 raucaque
504 2212 725 2266 dimovit
754 2214 947 2266 talibus
978 2232 1070 2266 ora
1100 2213 1266 2266 sonis:

138 2283 295 2338 ‘haec
323 2285 441 2337 loca
471 2283 702 2337 desertas
733 2285 842 2336 vidi
873 2284 984 2338 sine
1016 2284 1291 2338 moenibus
1320 2284 1537 2348 herbas3

208 2355 456 2425 pascebat
487 2373 696 2425 sparsas
724 2364 946 2423 utraque
976 2356 1091 2426 ripa
1121 2356 1299 2409 boves.

138 2435 191 2480 et
220 2444 376 2495 quem
407 2444 548 2479 nunc
577 2436 763 2497 gentes
793 2426 1030 2480 Tiberim
1061 2437 1359 2495 noruntque
1391 2427 1701 2498 timentque,

207 2509 333 2550 tunc
362 2496 519 2550 etiam
549 2497 727 2567 pecori
758 2498 1126 2568 despiciendus
1158 2517 1319 2551 eram.

137 2568 364 2621 Arcadis
393 2567 634 2621 Euandri
663 2587 856 2622 nomen
887 2570 982 2622 tibi
1013 2588 1173 2640 saepe
1203 2569 1455 2623 refertur:

207 2639 294 2693 ille
323 2658 468 2693 meas
497 2639 654 2692 remis
685 2640 891 2693 advena
921 2641 1067 2694 torsit
1100 2659 1282 2710 aquas.

137 2710 281 2764 venit
310 2720 362 2764 et
391 2710 632 2774 Alcides,
663 2711 820 2764 turba
849 2713 1126 2765 comitatus
1155 2711 1385 2764 Achiva.

208 2781 433 2844 Albula,
465 2781 510 2834 si
537 2781 774 2844 memini,
806 2791 932 2835 tunc
961 2782 1091 2835 mihi
1119 2801 1311 2836 nomen
1343 2791 1473 2836 erat.

138 2852 331 2922 excipit
359 2851 585 2922 hospitio
614 2853 858 2906 iuvenem
888 2853 1185 2906 Pallantius
1214 2853 1387 2917 heros,

209 2933 261 2976 et
291 2923 503 2975 tandem
535 2921 679 2977 Caco
710 2923 887 2976 debita
914 2942 1086 2994 poena
1114 2923 1231 2976 fuit.

138 2993 305 3046 victor
334 2994 443 3046 abit
473 3012 759 3062 secumque
788 2994 975 3058 boveS,
1007 2993 1301 3064 Erytheida
1330 2994 1602 3064 praedam,

209 3064 480 3118 abstrahit.
555 3074 609 3118 at
639 3065 854 3119 comites
883 3066 1092 3136 longius
1122 3066 1198 3119 ire
1227 3076 1441 3136 negant.

95 3127 117 3186 ⁴.
139 3154 438 3206 magnaque
467 3155 589 3206 pars
620 3136 808 3189 horum
838 3137 1057 3190 desertis
1089 3146 1304 3190 venerat
1334 3137 1525 3207 Argis:

211 3207 474 3260 montibus
504 3207 585 3260 his
615 3218 818 3277 ponunt
849 3226 1102 3278 spemque
1133 3208 1437 3276 Laremque
1469 3227 1642 3261 suum.

141 3295 298 3348 saepe
328 3288 505 3331 tamen
533 3279 735 3348 patriae
766 3279 908 3332 dulci
936 3289 1227 3350 tanguntur
1257 3298 1453 3342 amore,

213 3358 368 3416 atque
399 3349 586 3418 aliquis
614 3350 842 3403 moriens
873 3351 974 3404 hoc
1004 3351 1164 3404 breve
1193 3351 1413 3403 mandat
1442 3369 1601 3420 opus:

142 3419 369 3473 “mittite
400 3439 484 3473 me
513 3420 568 3473 in
597 3420 858 3484 Tiberim,
889 3422 1154 3475 Tiberinis
1185 3431 1369 3475 vectus
1398 3432 1458 3475 ut
1485 3421 1642 3474 undis

213 3490 335 3543 litus
366 3491 434 3544 ad
462 3491 739 3544 Inachium
769 3493 942 3563 pulvis
972 3493 1142 3547 inanis
1174 3492 1340 3546 eam.’'

1776 324 1848 380 95

1881 596 1970 636 615

1883 950 1974 992 620

1882 1305 1969 1345 625

1881 1660 1969 1701 630

1875 2018 1962 2058 635

1878 2373 1967 2414 640

1878 2729 1965 2769 645

1878 3085 1966 3125 650

1878 3437 1964 3477 655
