<?xml version="1.0" encoding="UTF-8"?>
<!DOCTYPE html PUBLIC "-//W3C//DTD XHTML 1.0 Transitional//EN"
    "http://www.w3.org/TR/xhtml1/DTD/xhtml1-transitional.dtd">
<html xmlns="http://www.w3.org/1999/xhtml" xml:lang="en" lang="en">
 <head>
  <title>
</title>
<meta http-equiv="Content-Type" content="text/html;charset=utf-8" />
  <meta name='ocr-system' content='tesseract 3.04.00' />
  <meta name='ocr-capabilities' content='ocr_page ocr_carea ocr_par ocr_line ocrx_word'/>
</head>
<body>
  <div class='ocr_page' id='page_1' title='image "./carminaov03oviduoft_0046.png"; bbox 0 0 2158 3906; ppageno 0'>
   <div class='ocr_carea' id='block_1_1' title="bbox 333 228 1502 294">
    <p class='ocr_par' dir='ltr' id='par_1_1' title="bbox 333 228 1502 294">
     <span class='ocr_line' id='line_1_1' title="bbox 333 228 1502 294; baseline 0.003 -4"><span class='ocrx_word' id='word_1_1' title='bbox 333 233 376 290; x_wconf 79' lang='grc'>’8</span> <span class='ocrx_word' id='word_1_2' title='bbox 791 250 796 257; x_wconf 92' lang='lat'>·</span> <span class='ocrx_word' id='word_1_3' title='bbox 905 248 960 292; x_wconf 88' lang='lat' dir='ltr'>P.</span> <span class='ocrx_word' id='word_1_4' title='bbox 984 228 1200 294; x_wconf 68' lang='lat' dir='ltr'>‘ov1D11</span> <span class='ocrx_word' id='word_1_5' title='bbox 1228 247 1502 294; x_wconf 72' lang='lat' dir='ltr'>NASONISv</span> 
     </span>
    </p>
   </div>
   <div class='ocr_carea' id='block_1_2' title="bbox 207 348 2158 1904">
    <p class='ocr_par' dir='ltr' id='par_1_2' title="bbox 207 348 2158 1904">
     <span class='ocr_line' id='line_1_2' title="bbox 230 348 2158 433; baseline -0.001 -27"><span class='ocrx_word' id='word_1_6' title='bbox 230 366 313 406; x_wconf 82' lang='lat'>295</span> <span class='ocrx_word' id='word_1_7' title='bbox 346 348 482 417; x_wconf 82' lang='lat' dir='ltr'>Quis</span> <span class='ocrx_word' id='word_1_8' title='bbox 507 358 648 403; x_wconf 88' lang='lat' dir='ltr'>vetat</span> <span class='ocrx_word' id='word_1_9' title='bbox 672 358 724 404; x_wconf 86' lang='lat' dir='ltr'>et</span> <span class='ocrx_word' id='word_1_10' title='bbox 748 350 941 430; x_wconf 81' lang='lat' dir='ltr'>stellas,</span> <span class='ocrx_word' id='word_1_11' title='bbox 964 358 1025 401; x_wconf 83' lang='lat' dir='ltr'>ut</span> <span class='ocrx_word' id='word_1_12' title='bbox 1047 367 1287 431; x_wconf 82' lang='lat' dir='ltr'>quaeque</span> <span class='ocrx_word' id='word_1_13' title='bbox 1313 350 1582 433; x_wconf 85' lang='lat' dir='ltr'>oriturque</span> <span class='ocrx_word' id='word_1_14' title='bbox 1608 351 1870 420; x_wconf 85' lang='lat' dir='ltr'>caditque,</span> <span class='ocrx_word' id='word_1_15' title='bbox 1899 350 1946 394; x_wconf 84' lang='lat'>2·</span> <span class='ocrx_word' id='word_1_16' title='bbox 1967 351 2063 394; x_wconf 87' lang='lat' dir='ltr'>BF</span> <span class='ocrx_word' id='word_1_17' title='bbox 2113 352 2126 407; x_wconf 54' lang='grc' dir='ltr'>’ὴ</span> <span class='ocrx_word' id='word_1_18' title='bbox 2154 351 2158 391; x_wconf 76' lang='grc' dir='ltr'>ἶ</span> 
     </span>
     <span class='ocr_line' id='line_1_3' title="bbox 418 405 2158 507; baseline 0.001 -35"><span class='ocrx_word' id='word_1_19' title='bbox 418 421 622 473; x_wconf 82' lang='lat' dir='ltr'>dicere?</span> <span class='ocrx_word' id='word_1_20' title='bbox 658 420 899 490; x_wconf 84' lang='lat' dir='ltr'>promissi</span> <span class='ocrx_word' id='word_1_21' title='bbox 930 438 1052 488; x_wconf 89' lang='lat' dir='ltr'>pars</span> <span class='ocrx_word' id='word_1_22' title='bbox 1083 420 1151 472; x_wconf 85' lang='lat' dir='ltr'>sit</span> <span class='ocrx_word' id='word_1_23' title='bbox 1179 430 1232 473; x_wconf 87' lang='lat' dir='ltr'>et</span> <span class='ocrx_word' id='word_1_24' title='bbox 1260 421 1377 490; x_wconf 91' lang='lat' dir='ltr'>ipsa</span> <span class='ocrx_word' id='word_1_25' title='bbox 1407 421 1526 473; x_wconf 91' lang='lat' dir='ltr'>mei.</span> <span class='ocrx_word' id='word_1_26' title='bbox 1891 405 1947 506; x_wconf 61' lang='grc' dir='ltr'><em>ἱ</em></span> <span class='ocrx_word' id='word_1_27' title='bbox 1958 408 2060 507; x_wconf 61' lang='lat' dir='ltr'>gg</span> <span class='ocrx_word' id='word_1_28' title='bbox 2112 454 2122 463; x_wconf 15' lang='grc' dir='ltr'>γυ</span> <span class='ocrx_word' id='word_1_29' title='bbox 2155 430 2158 434; x_wconf 85' lang='grc'><strong>’</strong></span> 
     </span>
     <span class='ocr_line' id='line_1_4' title="bbox 345 489 2158 562; baseline 0.002 -19"><span class='ocrx_word' id='word_1_30' title='bbox 345 491 524 544; x_wconf 84' lang='lat' dir='ltr'>felices</span> <span class='ocrx_word' id='word_1_31' title='bbox 556 491 783 552; x_wconf 85' lang='lat' dir='ltr'>animae,</span> <span class='ocrx_word' id='word_1_32' title='bbox 816 490 1008 557; x_wconf 91' lang='lat' dir='ltr'>quibus</span> <span class='ocrx_word' id='word_1_33' title='bbox 1038 489 1168 543; x_wconf 90' lang='lat' dir='ltr'>haec</span> <span class='ocrx_word' id='word_1_34' title='bbox 1200 509 1518 561; x_wconf 83' lang='lat' dir='ltr'>cognoscere</span> <span class='ocrx_word' id='word_1_35' title='bbox 1547 492 1754 562; x_wconf 88' lang='lat' dir='ltr'>primis</span> <span class='ocrx_word' id='word_1_36' title='bbox 2115 503 2126 537; x_wconf 69' lang='grc' dir='ltr'>Γ</span> <span class='ocrx_word' id='word_1_37' title='bbox 2156 509 2158 512; x_wconf 89' lang='grc'><strong><em>·</em></strong></span> 
     </span>
     <span class='ocr_line' id='line_1_5' title="bbox 415 561 1636 629; baseline 0.002 -16"><span class='ocrx_word' id='word_1_38' title='bbox 415 562 576 628; x_wconf 89' lang='lat' dir='ltr'>inque</span> <span class='ocrx_word' id='word_1_39' title='bbox 608 561 794 612; x_wconf 91' lang='lat' dir='ltr'>domus</span> <span class='ocrx_word' id='word_1_40' title='bbox 826 578 1043 629; x_wconf 89' lang='lat' dir='ltr'>superas</span> <span class='ocrx_word' id='word_1_41' title='bbox 1075 562 1326 615; x_wconf 85' lang='lat' dir='ltr'>scandere</span> <span class='ocrx_word' id='word_1_42' title='bbox 1357 581 1485 615; x_wconf 90' lang='lat' dir='ltr'>cura</span> <span class='ocrx_word' id='word_1_43' title='bbox 1512 562 1636 616; x_wconf 78' lang='lat' dir='ltr'>fuit!</span> 
     </span>
     <span class='ocr_line' id='line_1_6' title="bbox 348 630 1616 702; baseline 0.002 -18"><span class='ocrx_word' id='word_1_44' title='bbox 348 631 596 685; x_wconf 88' lang='lat' dir='ltr'>credibile</span> <span class='ocrx_word' id='word_1_45' title='bbox 628 639 706 683; x_wconf 89' lang='lat' dir='ltr'>est</span> <span class='ocrx_word' id='word_1_46' title='bbox 734 631 851 682; x_wconf 90' lang='lat' dir='ltr'>illas</span> <span class='ocrx_word' id='word_1_47' title='bbox 880 630 1077 700; x_wconf 84' lang='lat' dir='ltr'>pariter</span> <span class='ocrx_word' id='word_1_48' title='bbox 1106 632 1350 700; x_wconf 88' lang='lat' dir='ltr'>vitiisque</span> <span class='ocrx_word' id='word_1_49' title='bbox 1379 633 1616 702; x_wconf 88' lang='lat' dir='ltr'>locisque</span> 
     </span>
     <span class='ocr_line' id='line_1_7' title="bbox 228 701 1346 773; baseline 0.002 -19"><span class='ocrx_word' id='word_1_50' title='bbox 228 719 314 759; x_wconf 81' lang='lat'>300</span> <span class='ocrx_word' id='word_1_51' title='bbox 416 702 569 754; x_wconf 87' lang='lat' dir='ltr'>altius</span> <span class='ocrx_word' id='word_1_52' title='bbox 599 701 842 753; x_wconf 89' lang='lat' dir='ltr'>humanis</span> <span class='ocrx_word' id='word_1_53' title='bbox 874 702 1140 755; x_wconf 88' lang='lat' dir='ltr'>exeruisse</span> <span class='ocrx_word' id='word_1_54' title='bbox 1171 713 1346 773; x_wconf 86' lang='lat' dir='ltr'>caput.</span> 
     </span>
     <span class='ocr_line' id='line_1_8' title="bbox 345 771 1670 845; baseline 0.003 -21"><span class='ocrx_word' id='word_1_55' title='bbox 345 790 449 824; x_wconf 92' lang='lat' dir='ltr'>non</span> <span class='ocrx_word' id='word_1_56' title='bbox 480 773 664 825; x_wconf 88' lang='lat' dir='ltr'>Venus</span> <span class='ocrx_word' id='word_1_57' title='bbox 696 782 747 824; x_wconf 90' lang='lat' dir='ltr'>et</span> <span class='ocrx_word' id='word_1_58' title='bbox 778 771 960 823; x_wconf 89' lang='lat' dir='ltr'>vinum</span> <span class='ocrx_word' id='word_1_59' title='bbox 990 773 1236 826; x_wconf 89' lang='lat' dir='ltr'>sublimia</span> <span class='ocrx_word' id='word_1_60' title='bbox 1266 785 1480 843; x_wconf 88' lang='lat' dir='ltr'>pectora</span> <span class='ocrx_word' id='word_1_61' title='bbox 1509 774 1670 845; x_wconf 85' lang='lat' dir='ltr'>fregit:</span> 
     </span>
     <span class='ocr_line' id='line_1_9' title="bbox 417 842 1365 904; baseline 0.003 -10"><span class='ocrx_word' id='word_1_62' title='bbox 417 842 718 894; x_wconf 89' lang='lat' dir='ltr'>officiumve</span> <span class='ocrx_word' id='word_1_63' title='bbox 748 842 850 893; x_wconf 74' lang='lat' dir='ltr'>iori</span> <span class='ocrx_word' id='word_1_64' title='bbox 881 843 1163 896; x_wconf 86' lang='lat' dir='ltr'>militiaeve</span> <span class='ocrx_word' id='word_1_65' title='bbox 1192 845 1365 904; x_wconf 80' lang='lat' dir='ltr'>labor3</span> 
     </span>
     <span class='ocr_line' id='line_1_10' title="bbox 287 912 1551 984; baseline 0.002 -19"><span class='ocrx_word' id='word_1_66' title='bbox 287 935 290 937; x_wconf 61' lang='grc'><strong>’</strong></span> <span class='ocrx_word' id='word_1_67' title='bbox 343 932 441 966; x_wconf 91' lang='lat' dir='ltr'>nec</span> <span class='ocrx_word' id='word_1_68' title='bbox 470 913 599 965; x_wconf 91' lang='lat' dir='ltr'>levis</span> <span class='ocrx_word' id='word_1_69' title='bbox 632 912 848 965; x_wconf 79' lang='lat' dir='ltr'>ambitio</span> <span class='ocrx_word' id='word_1_70' title='bbox 879 913 1200 982; x_wconf 87' lang='lat' dir='ltr'>perfusaque</span> <span class='ocrx_word' id='word_1_71' title='bbox 1230 916 1399 984; x_wconf 88' lang='lat' dir='ltr'>gloria</span> <span class='ocrx_word' id='word_1_72' title='bbox 1427 915 1551 968; x_wconf 89' lang='lat' dir='ltr'>fuco</span> 
     </span>
     <span class='ocr_line' id='line_1_11' title="bbox 417 985 1578 1055; baseline 0.004 -21"><span class='ocrx_word' id='word_1_73' title='bbox 417 1001 837 1053; x_wconf 87' lang='lat' dir='ltr'>magnarumque</span> <span class='ocrx_word' id='word_1_74' title='bbox 868 985 1035 1037; x_wconf 86' lang='lat' dir='ltr'>fames</span> <span class='ocrx_word' id='word_1_75' title='bbox 1067 985 1367 1038; x_wconf 80' lang='lat' dir='ltr'>sollicitavit</span> <span class='ocrx_word' id='word_1_76' title='bbox 1397 1005 1578 1055; x_wconf 85' lang='lat' dir='ltr'>opum.</span> 
     </span>
     <span class='ocr_line' id='line_1_12' title="bbox 232 1054 1526 1111; baseline -0.001 -1"><span class='ocrx_word' id='word_1_77' title='bbox 232 1070 313 1111; x_wconf 87' lang='lat'>305</span> <span class='ocrx_word' id='word_1_78' title='bbox 347 1055 628 1107; x_wconf 85' lang='lat' dir='ltr'>admovere</span> <span class='ocrx_word' id='word_1_79' title='bbox 660 1054 824 1106; x_wconf 91' lang='lat' dir='ltr'>oculis</span> <span class='ocrx_word' id='word_1_80' title='bbox 857 1055 1104 1108; x_wconf 86' lang='lat' dir='ltr'>distantia</span> <span class='ocrx_word' id='word_1_81' title='bbox 1132 1056 1305 1109; x_wconf 90' lang='lat' dir='ltr'>sidera</span> <span class='ocrx_word' id='word_1_82' title='bbox 1334 1057 1526 1109; x_wconf 86' lang='lat' dir='ltr'>nostris</span> 
     </span>
     <span class='ocr_line' id='line_1_13' title="bbox 418 1122 1479 1196; baseline 0.002 -18"><span class='ocrx_word' id='word_1_83' title='bbox 418 1122 780 1194; x_wconf 82' lang='lat' dir='ltr'>aetheraque</span> <span class='ocrx_word' id='word_1_84' title='bbox 766 1126 978 1195; x_wconf 89' lang='lat' dir='ltr'>mgenio</span> <span class='ocrx_word' id='word_1_85' title='bbox 1010 1145 1334 1196; x_wconf 88' lang='lat' dir='ltr'>supposuere</span> <span class='ocrx_word' id='word_1_86' title='bbox 1366 1145 1479 1180; x_wconf 76' lang='lat' dir='ltr'>suo·</span> 
     </span>
     <span class='ocr_line' id='line_1_14' title="bbox 346 1196 1827 1269; baseline 0.003 -21"><span class='ocrx_word' id='word_1_87' title='bbox 346 1196 420 1249; x_wconf 87' lang='lat' dir='ltr'>sic</span> <span class='ocrx_word' id='word_1_88' title='bbox 450 1196 645 1266; x_wconf 83' lang='lat' dir='ltr'>petitur</span> <span class='ocrx_word' id='word_1_89' title='bbox 676 1197 904 1248; x_wconf 84' lang='lat' dir='ltr'>caelum:</span> <span class='ocrx_word' id='word_1_90' title='bbox 936 1215 1042 1249; x_wconf 91' lang='lat' dir='ltr'>non</span> <span class='ocrx_word' id='word_1_91' title='bbox 1072 1207 1131 1250; x_wconf 87' lang='lat' dir='ltr'>ut</span> <span class='ocrx_word' id='word_1_92' title='bbox 1159 1197 1295 1251; x_wconf 87' lang='lat' dir='ltr'>ferat</span> <span class='ocrx_word' id='word_1_93' title='bbox 1326 1196 1506 1251; x_wconf 89' lang='lat' dir='ltr'>Ossan</span> <span class='ocrx_word' id='word_1_94' title='bbox 1538 1196 1827 1269; x_wconf 80' lang='lat' dir='ltr'>OlympuS,</span> 
     </span>
     <span class='ocr_line' id='line_1_15' title="bbox 414 1266 1516 1339; baseline 0.003 -21"><span class='ocrx_word' id='word_1_95' title='bbox 414 1267 636 1337; x_wconf 90' lang='lat' dir='ltr'>ipsaque</span> <span class='ocrx_word' id='word_1_96' title='bbox 667 1266 914 1320; x_wconf 90' lang='lat' dir='ltr'>Peliacus</span> <span class='ocrx_word' id='word_1_97' title='bbox 946 1268 1118 1320; x_wconf 90' lang='lat' dir='ltr'>sidera</span> <span class='ocrx_word' id='word_1_98' title='bbox 1148 1277 1332 1338; x_wconf 87' lang='lat' dir='ltr'>tangat</span> <span class='ocrx_word' id='word_1_99' title='bbox 1363 1289 1516 1339; x_wconf 87' lang='lat' dir='ltr'>apex.</span> 
     </span>
     <span class='ocr_line' id='line_1_16' title="bbox 343 1338 1801 1405; baseline 0.001 -15"><span class='ocrx_word' id='word_1_100' title='bbox 343 1356 439 1390; x_wconf 90' lang='lat' dir='ltr'>nos</span> <span class='ocrx_word' id='word_1_101' title='bbox 471 1355 682 1405; x_wconf 90' lang='lat' dir='ltr'>quoque</span> <span class='ocrx_word' id='word_1_102' title='bbox 715 1338 813 1390; x_wconf 90' lang='lat' dir='ltr'>sub</span> <span class='ocrx_word' id='word_1_103' title='bbox 845 1338 1068 1390; x_wconf 90' lang='lat' dir='ltr'>ducibus</span> <span class='ocrx_word' id='word_1_104' title='bbox 1101 1341 1306 1391; x_wconf 88' lang='lat' dir='ltr'>caelum</span> <span class='ocrx_word' id='word_1_105' title='bbox 1336 1340 1653 1393; x_wconf 86' lang='lat' dir='ltr'>metabimur</span> <span class='ocrx_word' id='word_1_106' title='bbox 1681 1339 1801 1403; x_wconf 80' lang='lat' dir='ltr'>illis,</span> 
     </span>
     <span class='ocr_line' id='line_1_17' title="bbox 229 1409 1647 1480; baseline 0.004 -21"><span class='ocrx_word' id='word_1_107' title='bbox 229 1426 313 1465; x_wconf 82' lang='lat'>310</span> <span class='ocrx_word' id='word_1_108' title='bbox 415 1426 781 1478; x_wconf 89' lang='lat' dir='ltr'>ponemusque</span> <span class='ocrx_word' id='word_1_109' title='bbox 813 1428 935 1461; x_wconf 89' lang='lat' dir='ltr'>suos</span> <span class='ocrx_word' id='word_1_110' title='bbox 968 1409 1036 1461; x_wconf 90' lang='lat' dir='ltr'>ad</span> <span class='ocrx_word' id='word_1_111' title='bbox 1066 1429 1203 1479; x_wconf 88' lang='lat' dir='ltr'>vaga</span> <span class='ocrx_word' id='word_1_112' title='bbox 1234 1411 1386 1480; x_wconf 84' lang='lat' dir='ltr'>signa</span> <span class='ocrx_word' id='word_1_113' title='bbox 1416 1412 1543 1464; x_wconf 83' lang='lat' dir='ltr'>dies.</span> <span class='ocrx_word' id='word_1_114' title='bbox 1572 1441 1647 1449; x_wconf 84' lang='lat'>——</span> 
     </span>
     <span class='ocr_line' id='line_1_18' title="bbox 345 1479 1595 1549; baseline 0.002 -17"><span class='ocrx_word' id='word_1_115' title='bbox 345 1498 470 1549; x_wconf 93' lang='lat' dir='ltr'>ergo</span> <span class='ocrx_word' id='word_1_116' title='bbox 502 1479 594 1531; x_wconf 92' lang='lat' dir='ltr'>ubi</span> <span class='ocrx_word' id='word_1_117' title='bbox 623 1498 730 1531; x_wconf 90' lang='lat' dir='ltr'>nox</span> <span class='ocrx_word' id='word_1_118' title='bbox 761 1479 930 1532; x_wconf 82' lang='lat' dir='ltr'>aderit</span> <span class='ocrx_word' id='word_1_119' title='bbox 960 1482 1194 1533; x_wconf 87' lang='lat' dir='ltr'>venturis</span> <span class='ocrx_word' id='word_1_120' title='bbox 1227 1482 1379 1534; x_wconf 86' lang='lat' dir='ltr'>tertia</span> <span class='ocrx_word' id='word_1_121' title='bbox 1406 1482 1595 1544; x_wconf 88' lang='lat' dir='ltr'>Nonis,</span> 
     </span>
     <span class='ocr_line' id='line_1_19' title="bbox 417 1551 1599 1619; baseline 0.003 -18"><span class='ocrx_word' id='word_1_122' title='bbox 417 1568 703 1619; x_wconf 90' lang='lat' dir='ltr'>sparsaque</span> <span class='ocrx_word' id='word_1_123' title='bbox 736 1551 947 1603; x_wconf 85' lang='lat' dir='ltr'>caelesti</span> <span class='ocrx_word' id='word_1_124' title='bbox 977 1570 1093 1604; x_wconf 93' lang='lat' dir='ltr'>rore</span> <span class='ocrx_word' id='word_1_125' title='bbox 1124 1552 1358 1604; x_wconf 87' lang='lat' dir='ltr'>madebit</span> <span class='ocrx_word' id='word_1_126' title='bbox 1388 1552 1599 1615; x_wconf 75' lang='lat' dir='ltr'>humuS,</span> 
     </span>
     <span class='ocr_line' id='line_1_20' title="bbox 207 1621 1699 1690; baseline 0.005 -22"><span class='ocrx_word' id='word_1_127' title='bbox 207 1647 209 1650; x_wconf 44' lang='lat'><em>⁴</em></span> <span class='ocrx_word' id='word_1_128' title='bbox 280 1642 285 1668; x_wconf 90' lang='lat'>.·</span> <span class='ocrx_word' id='word_1_129' title='bbox 344 1621 598 1690; x_wconf 83' lang='lat' dir='ltr'>octipedis</span> <span class='ocrx_word' id='word_1_130' title='bbox 629 1621 825 1673; x_wconf 88' lang='lat' dir='ltr'>frustra</span> <span class='ocrx_word' id='word_1_131' title='bbox 854 1631 1173 1689; x_wconf 86' lang='lat' dir='ltr'>quaerentur</span> <span class='ocrx_word' id='word_1_132' title='bbox 1203 1623 1449 1676; x_wconf 86' lang='lat' dir='ltr'>bracchia</span> <span class='ocrx_word' id='word_1_133' title='bbox 1480 1621 1699 1675; x_wconf 73' lang='lat' dir='ltr'>Cancrix</span> 
     </span>
     <span class='ocr_line' id='line_1_21' title="bbox 416 1693 1502 1761; baseline 0.003 -18"><span class='ocrx_word' id='word_1_134' title='bbox 416 1710 669 1761; x_wconf 90' lang='lat' dir='ltr'>praeceps</span> <span class='ocrx_word' id='word_1_135' title='bbox 700 1693 947 1745; x_wconf 88' lang='lat' dir='ltr'>occiduas</span> <span class='ocrx_word' id='word_1_136' title='bbox 977 1693 1063 1746; x_wconf 93' lang='lat' dir='ltr'>ille</span> <span class='ocrx_word' id='word_1_137' title='bbox 1095 1693 1290 1745; x_wconf 87' lang='lat' dir='ltr'>subivit</span> <span class='ocrx_word' id='word_1_138' title='bbox 1321 1712 1502 1761; x_wconf 80' lang='lat' dir='ltr'>aquaS.</span> 
     </span>
     <span class='ocr_line' id='line_1_22' title="bbox 228 1763 1582 1818; baseline -0.001 0"><span class='ocrx_word' id='word_1_139' title='bbox 228 1779 311 1818; x_wconf 89' lang='lat'>315</span> <span class='ocrx_word' id='word_1_140' title='bbox 343 1763 625 1814; x_wconf 86' lang='lat' dir='ltr'>institerint</span> <span class='ocrx_word' id='word_1_141' title='bbox 652 1763 862 1815; x_wconf 86' lang='lat' dir='ltr'>Nonae.</span> <span class='ocrx_word' id='word_1_142' title='bbox 895 1763 1039 1816; x_wconf 90' lang='lat' dir='ltr'>missi</span> <span class='ocrx_word' id='word_1_143' title='bbox 1070 1764 1165 1816; x_wconf 90' lang='lat' dir='ltr'>tibi</span> <span class='ocrx_word' id='word_1_144' title='bbox 1194 1764 1425 1816; x_wconf 91' lang='lat' dir='ltr'>nubibus</span> <span class='ocrx_word' id='word_1_145' title='bbox 1456 1763 1582 1817; x_wconf 88' lang='lat' dir='ltr'>atris</span> 
     </span>
     <span class='ocr_line' id='line_1_23' title="bbox 416 1833 1542 1904; baseline 0.002 -19"><span class='ocrx_word' id='word_1_146' title='bbox 416 1833 568 1902; x_wconf 88' lang='lat' dir='ltr'>signa</span> <span class='ocrx_word' id='word_1_147' title='bbox 600 1834 800 1886; x_wconf 88' lang='lat' dir='ltr'>dabunt</span> <span class='ocrx_word' id='word_1_148' title='bbox 829 1834 1048 1897; x_wconf 77' lang='lat' dir='ltr'>imbreS,</span> <span class='ocrx_word' id='word_1_149' title='bbox 1082 1835 1348 1888; x_wconf 82' lang='lat' dir='ltr'>e‘xoriente</span> <span class='ocrx_word' id='word_1_150' title='bbox 1379 1835 1542 1904; x_wconf 86' lang='lat' dir='ltr'>Lyra.</span> 
     </span>
    </p>
   </div>
   <div class='ocr_carea' id='block_1_3' title="bbox 346 1973 2064 2041">
    <p class='ocr_par' dir='ltr' id='par_1_3' title="bbox 346 1973 2064 2041">
     <span class='ocr_line' id='line_1_24' title="bbox 346 1973 2064 2041; baseline 0.001 -15"><span class='ocrx_word' id='word_1_151' title='bbox 346 1973 616 2041; x_wconf 79' lang='lat' dir='ltr'>Quattuor</span> <span class='ocrx_word' id='word_1_152' title='bbox 646 1975 781 2028; x_wconf 90' lang='lat' dir='ltr'>adde</span> <span class='ocrx_word' id='word_1_153' title='bbox 813 1976 922 2027; x_wconf 86' lang='lat' dir='ltr'>dies</span> <span class='ocrx_word' id='word_1_154' title='bbox 955 1977 1139 2029; x_wconf 91' lang='lat' dir='ltr'>ductos</span> <span class='ocrx_word' id='word_1_155' title='bbox 1171 1996 1237 2030; x_wconf 86' lang='lat' dir='ltr'>ex</span> <span class='ocrx_word' id='word_1_156' title='bbox 1267 1977 1449 2030; x_wconf 90' lang='lat' dir='ltr'>ordine</span> <span class='ocrx_word' id='word_1_157' title='bbox 1472 1976 1664 2030; x_wconf 90' lang='lat' dir='ltr'>Nonis:</span> <span class='ocrx_word' id='word_1_158' title='bbox 1690 1976 1737 2020; x_wconf 81' lang='lat'>5·</span> <span class='ocrx_word' id='word_1_159' title='bbox 1759 1976 1807 2019; x_wconf 89' lang='grc' dir='ltr'><em>Ε</em></span> <span class='ocrx_word' id='word_1_160' title='bbox 1828 1976 2004 2021; x_wconf 88' lang='lat' dir='ltr'>NON</span> <span class='ocrx_word' id='word_1_161' title='bbox 2013 1977 2064 2031; x_wconf 77' lang='lat' dir='ltr'>F</span> 
     </span>
    </p>
   </div>
   <div class='ocr_carea' id='block_1_4' title="bbox 342 2031 2059 2192">
    <p class='ocr_par' dir='ltr' id='par_1_4' title="bbox 342 2031 2059 2192">
     <span class='ocr_line' id='line_1_25' title="bbox 415 2031 2056 2134; baseline -0.005 -38"><span class='ocrx_word' id='word_1_162' title='bbox 415 2046 603 2097; x_wconf 89' lang='lat' dir='ltr'>Ianus</span> <span class='ocrx_word' id='word_1_163' title='bbox 588 2046 841 2114; x_wconf 82' lang='lat' dir='ltr'>Agonali</span> <span class='ocrx_word' id='word_1_164' title='bbox 872 2047 989 2099; x_wconf 92' lang='lat' dir='ltr'>luce</span> <span class='ocrx_word' id='word_1_165' title='bbox 1019 2047 1245 2116; x_wconf 84' lang='lat' dir='ltr'>piandus</span> <span class='ocrx_word' id='word_1_166' title='bbox 1275 2049 1387 2102; x_wconf 88' lang='lat' dir='ltr'>erit.</span> <span class='ocrx_word' id='word_1_167' title='bbox 1708 2031 1755 2076; x_wconf 74' lang='lat'>⁶·</span> <span class='ocrx_word' id='word_1_168' title='bbox 1775 2032 2056 2134; x_wconf 52' lang='lat' dir='ltr'><em>{FACGG</em></span> 
     </span>
     <span class='ocr_line' id='line_1_26' title="bbox 342 2116 2059 2192; baseline -0.002 -24"><span class='ocrx_word' id='word_1_169' title='bbox 342 2116 568 2168; x_wconf 91' lang='lat' dir='ltr'>nominis</span> <span class='ocrx_word' id='word_1_170' title='bbox 593 2135 706 2168; x_wconf 89' lang='lat' dir='ltr'>esse</span> <span class='ocrx_word' id='word_1_171' title='bbox 730 2127 902 2185; x_wconf 87' lang='lat' dir='ltr'>potest</span> <span class='ocrx_word' id='word_1_172' title='bbox 926 2119 1223 2172; x_wconf 87' lang='lat' dir='ltr'>succinctus</span> <span class='ocrx_word' id='word_1_173' title='bbox 1247 2138 1408 2172; x_wconf 90' lang='lat' dir='ltr'>causa</span> <span class='ocrx_word' id='word_1_174' title='bbox 1429 2119 1681 2183; x_wconf 90' lang='lat' dir='ltr'>minister,</span> <span class='ocrx_word' id='word_1_175' title='bbox 1710 2146 1757 2191; x_wconf 83' lang='lat'><em>9</em></span> <span class='ocrx_word' id='word_1_176' title='bbox 1778 2148 1822 2191; x_wconf 74' lang='grc' dir='ltr'><strong><em>Α</em></strong></span> <span class='ocrx_word' id='word_1_177' title='bbox 1845 2139 2059 2192; x_wconf 71' lang='lat' dir='ltr'><strong><em>AGON-</em></strong></span> 
     </span>
    </p>
   </div>
   <div class='ocr_carea' id='block_1_5' title="bbox 226 2186 1974 3465">
    <p class='ocr_par' dir='ltr' id='par_1_5' title="bbox 226 2186 1974 3465">
     <span class='ocr_line' id='line_1_27' title="bbox 228 2186 1465 2270; baseline 0 -28"><span class='ocrx_word' id='word_1_178' title='bbox 228 2203 312 2242; x_wconf 83' lang='lat'>320</span> <span class='ocrx_word' id='word_1_179' title='bbox 413 2186 585 2238; x_wconf 83' lang='lat' dir='ltr'>hostia</span> <span class='ocrx_word' id='word_1_180' title='bbox 616 2188 889 2241; x_wconf 89' lang='lat' dir='ltr'>caelitibus</span> <span class='ocrx_word' id='word_1_181' title='bbox 921 2206 1024 2270; x_wconf 81' lang='lat' dir='ltr'>quo</span> <span class='ocrx_word' id='word_1_182' title='bbox 1055 2189 1277 2244; x_wconf 88' lang='lat' dir='ltr'>feriente</span> <span class='ocrx_word' id='word_1_183' title='bbox 1309 2191 1465 2254; x_wconf 86' lang='lat' dir='ltr'>cadit,</span> 
     </span>
     <span class='ocr_line' id='line_1_28' title="bbox 343 2243 1673 2330; baseline 0.005 -22"><span class='ocrx_word' id='word_1_184' title='bbox 343 2257 434 2326; x_wconf 90' lang='lat' dir='ltr'>qui</span> <span class='ocrx_word' id='word_1_185' title='bbox 466 2258 634 2309; x_wconf 86' lang='lat' dir='ltr'>calido</span> <span class='ocrx_word' id='word_1_186' title='bbox 666 2243 882 2311; x_wconf 87' lang='lat' dir='ltr'>strictos</span> <span class='ocrx_word' id='word_1_187' title='bbox 902 2260 1158 2313; x_wconf 86' lang='lat' dir='ltr'>tincturus</span> <span class='ocrx_word' id='word_1_188' title='bbox 1190 2261 1447 2330; x_wconf 87' lang='lat' dir='ltr'>sanguine</span> <span class='ocrx_word' id='word_1_189' title='bbox 1479 2262 1673 2315; x_wconf 86' lang='lat' dir='ltr'>cultros</span> 
     </span>
     <span class='ocr_line' id='line_1_29' title="bbox 417 2332 1718 2401; baseline 0.004 -22"><span class='ocrx_word' id='word_1_190' title='bbox 417 2347 645 2397; x_wconf 90' lang='lat' dir='ltr'>semper,</span> <span class='ocrx_word' id='word_1_191' title='bbox 678 2338 890 2398; x_wconf 86' lang='lat' dir='ltr'>agatne‚</span> <span class='ocrx_word' id='word_1_192' title='bbox 921 2340 1097 2400; x_wconf 87' lang='lat' dir='ltr'>rogat,</span> <span class='ocrx_word' id='word_1_193' title='bbox 1129 2350 1227 2384; x_wconf 90' lang='lat' dir='ltr'>nec</span> <span class='ocrx_word' id='word_1_194' title='bbox 1256 2332 1358 2384; x_wconf 88' lang='lat' dir='ltr'>nisi</span> <span class='ocrx_word' id='word_1_195' title='bbox 1386 2332 1560 2384; x_wconf 89' lang='lat' dir='ltr'>iussus</span> <span class='ocrx_word' id='word_1_196' title='bbox 1592 2332 1718 2401; x_wconf 86' lang='lat' dir='ltr'>agit..</span> 
     </span>
     <span class='ocr_line' id='line_1_30' title="bbox 342 2399 1974 2472; baseline 0.004 -23"><span class='ocrx_word' id='word_1_197' title='bbox 342 2417 490 2468; x_wconf 80' lang='lat' dir='ltr'>parS,</span> <span class='ocrx_word' id='word_1_198' title='bbox 521 2399 646 2466; x_wconf 92' lang='lat' dir='ltr'>quia</span> <span class='ocrx_word' id='word_1_199' title='bbox 675 2418 782 2451; x_wconf 91' lang='lat' dir='ltr'>non</span> <span class='ocrx_word' id='word_1_200' title='bbox 813 2401 1027 2453; x_wconf 87' lang='lat' dir='ltr'>veniant</span> <span class='ocrx_word' id='word_1_201' title='bbox 1057 2403 1312 2470; x_wconf 76' lang='lat' dir='ltr'>pecudeS,</span> <span class='ocrx_word' id='word_1_202' title='bbox 1345 2403 1438 2455; x_wconf 92' lang='lat' dir='ltr'>sed</span> <span class='ocrx_word' id='word_1_203' title='bbox 1469 2413 1719 2472; x_wconf 86' lang='lat' dir='ltr'>agantur,</span> <span class='ocrx_word' id='word_1_204' title='bbox 1751 2403 1818 2455; x_wconf 93' lang='lat' dir='ltr'>ab</span> <span class='ocrx_word' id='word_1_205' title='bbox 1849 2410 1974 2456; x_wconf 84' lang='lat' dir='ltr'>actu</span> 
     </span>
     <span class='ocr_line' id='line_1_31' title="bbox 413 2470 1544 2539; baseline 0.004 -19"><span class='ocrx_word' id='word_1_206' title='bbox 413 2487 605 2521; x_wconf 89' lang='lat' dir='ltr'>nomen</span> <span class='ocrx_word' id='word_1_207' title='bbox 635 2470 936 2539; x_wconf 85' lang='lat' dir='ltr'>Agonalem</span> <span class='ocrx_word' id='word_1_208' title='bbox 968 2472 1133 2524; x_wconf 84' lang='lat' dir='ltr'>credit</span> <span class='ocrx_word' id='word_1_209' title='bbox 1161 2472 1357 2527; x_wconf 83' lang='lat' dir='ltr'>hab&#39;ere</span> <span class='ocrx_word' id='word_1_210' title='bbox 1388 2473 1544 2525; x_wconf 89' lang='lat' dir='ltr'>diem.</span> 
     </span>
     <span class='ocr_line' id='line_1_32' title="bbox 229 2540 1724 2614; baseline 0.001 -19"><span class='ocrx_word' id='word_1_211' title='bbox 229 2555 310 2595; x_wconf 82' lang='lat'>325</span> <span class='ocrx_word' id='word_1_212' title='bbox 343 2558 464 2609; x_wconf 91' lang='lat' dir='ltr'>pars</span> <span class='ocrx_word' id='word_1_213' title='bbox 496 2550 647 2609; x_wconf 85' lang='lat' dir='ltr'>putat</span> <span class='ocrx_word' id='word_1_214' title='bbox 676 2540 775 2592; x_wconf 92' lang='lat' dir='ltr'>hoc</span> <span class='ocrx_word' id='word_1_215' title='bbox 806 2541 999 2593; x_wconf 89' lang='lat' dir='ltr'>festum</span> <span class='ocrx_word' id='word_1_216' title='bbox 1030 2543 1215 2611; x_wconf 89' lang='lat' dir='ltr'>priscis</span> <span class='ocrx_word' id='word_1_217' title='bbox 1243 2544 1477 2614; x_wconf 87' lang='lat' dir='ltr'>Agnalia</span> <span class='ocrx_word' id='word_1_218' title='bbox 1508 2544 1724 2606; x_wconf 84' lang='lat' dir='ltr'>dictum,</span> 
     </span>
     <span class='ocr_line' id='line_1_33' title="bbox 415 2610 1556 2697; baseline 0.006 -36"><span class='ocrx_word' id='word_1_219' title='bbox 415 2629 521 2662; x_wconf 89' lang='lat' dir='ltr'>una</span> <span class='ocrx_word' id='word_1_220' title='bbox 551 2610 616 2662; x_wconf 85' lang='lat' dir='ltr'>sit</span> <span class='ocrx_word' id='word_1_221' title='bbox 646 2621 704 2663; x_wconf 90' lang='lat' dir='ltr'>ut</span> <span class='ocrx_word' id='word_1_222' title='bbox 734 2612 946 2681; x_wconf 91' lang='lat' dir='ltr'>proprio</span> <span class='ocrx_word' id='word_1_223' title='bbox 977 2613 1149 2665; x_wconf 85' lang='lat' dir='ltr'>littera</span> <span class='ocrx_word' id='word_1_224' title='bbox 1180 2614 1393 2697; x_wconf 83' lang='lat' dir='ltr'>dempta</span> <span class='ocrx_word' id='word_1_225' title='bbox 1422 2616 1556 2678; x_wconf 93' lang='lat' dir='ltr'>loco,</span> 
     </span>
     <span class='ocr_line' id='line_1_34' title="bbox 277 2681 1486 2754; baseline 0.007 -25"><span class='ocrx_word' id='word_1_226' title='bbox 277 2727 280 2729; x_wconf 85' lang='grc'><em>,</em></span> <span class='ocrx_word' id='word_1_227' title='bbox 344 2699 466 2750; x_wconf 88' lang='lat' dir='ltr'>pars</span> <span class='ocrx_word' id='word_1_228' title='bbox 498 2681 680 2744; x_wconf 86' lang='lat' dir='ltr'>etiam,</span> <span class='ocrx_word' id='word_1_229' title='bbox 711 2683 824 2734; x_wconf 91' lang='lat' dir='ltr'>fieri</span> <span class='ocrx_word' id='word_1_230' title='bbox 855 2683 1017 2735; x_wconf 91' lang='lat' dir='ltr'>solitis</span> <span class='ocrx_word' id='word_1_231' title='bbox 1050 2694 1220 2737; x_wconf 86' lang='lat' dir='ltr'>aetate</span> <span class='ocrx_word' id='word_1_232' title='bbox 1251 2686 1486 2754; x_wconf 89' lang='lat' dir='ltr'>priorum</span> 
     </span>
     <span class='ocr_line' id='line_1_35' title="bbox 413 2721 1538 2809; baseline 0.005 -6"><span class='ocrx_word' id='word_1_233' title='bbox 413 2752 627 2805; x_wconf 89' lang='lat' dir='ltr'>nomina</span> <span class='ocrx_word' id='word_1_234' title='bbox 658 2721 723 2806; x_wconf 83' lang='lat' dir='ltr'>de</span> <span class='ocrx_word' id='word_1_235' title='bbox 754 2754 891 2805; x_wconf 89' lang='lat' dir='ltr'>ludis</span> <span class='ocrx_word' id='word_1_236' title='bbox 932 2753 1142 2807; x_wconf 83' lang='lat' dir='ltr'>Graeca</span> <span class='ocrx_word' id='word_1_237' title='bbox 1171 2756 1351 2809; x_wconf 90' lang='lat' dir='ltr'>tulisse</span> <span class='ocrx_word' id='word_1_238' title='bbox 1383 2757 1538 2809; x_wconf 89' lang='lat' dir='ltr'>diem.</span> 
     </span>
     <span class='ocr_line' id='line_1_36' title="bbox 344 2823 1772 2905; baseline 0.004 -30"><span class='ocrx_word' id='word_1_239' title='bbox 344 2842 435 2885; x_wconf 87' lang='lat' dir='ltr'>an,</span> <span class='ocrx_word' id='word_1_240' title='bbox 467 2823 593 2890; x_wconf 88' lang='lat' dir='ltr'>quia</span> <span class='ocrx_word' id='word_1_241' title='bbox 622 2825 890 2905; x_wconf 86' lang='lat' dir='ltr'>praevisos</span> <span class='ocrx_word' id='word_1_242' title='bbox 920 2825 975 2877; x_wconf 91' lang='lat' dir='ltr'>in</span> <span class='ocrx_word' id='word_1_243' title='bbox 1006 2844 1144 2894; x_wconf 88' lang='lat' dir='ltr'>aqua</span> <span class='ocrx_word' id='word_1_244' title='bbox 1173 2826 1324 2880; x_wconf 86' lang='lat' dir='ltr'>timet</span> <span class='ocrx_word' id='word_1_245' title='bbox 1352 2827 1526 2880; x_wconf 85' lang='lat' dir='ltr'>hostia</span> <span class='ocrx_word' id='word_1_246' title='bbox 1556 2829 1772 2891; x_wconf 75' lang='lat' dir='ltr'>cultrOS,</span> 
     </span>
     <span class='ocr_line' id='line_1_37' title="bbox 228 2894 1469 2965; baseline 0.003 -18"><span class='ocrx_word' id='word_1_247' title='bbox 228 2909 311 2949; x_wconf 87' lang='lat'>330</span> <span class='ocrx_word' id='word_1_248' title='bbox 413 2913 443 2945; x_wconf 91' lang='lat' dir='ltr'>a</span> <span class='ocrx_word' id='word_1_249' title='bbox 472 2894 675 2963; x_wconf 89' lang='lat' dir='ltr'>pecoris</span> <span class='ocrx_word' id='word_1_250' title='bbox 705 2895 798 2947; x_wconf 90' lang='lat' dir='ltr'>lux</span> <span class='ocrx_word' id='word_1_251' title='bbox 829 2905 908 2948; x_wconf 85' lang='lat' dir='ltr'>est</span> <span class='ocrx_word' id='word_1_252' title='bbox 937 2896 1053 2965; x_wconf 90' lang='lat' dir='ltr'>ipsa</span> <span class='ocrx_word' id='word_1_253' title='bbox 1082 2906 1263 2950; x_wconf 84' lang='lat' dir='ltr'>notata</span> <span class='ocrx_word' id='word_1_254' title='bbox 1292 2899 1469 2951; x_wconf 82' lang='lat' dir='ltr'>metu?</span> 
     </span>
     <span class='ocr_line' id='line_1_38' title="bbox 343 2966 1595 3038; baseline 0.005 -22"><span class='ocrx_word' id='word_1_255' title='bbox 343 2972 395 3017; x_wconf 85' lang='lat' dir='ltr'>et</span> <span class='ocrx_word' id='word_1_256' title='bbox 422 2983 585 3033; x_wconf 90' lang='lat' dir='ltr'>pecus</span> <span class='ocrx_word' id='word_1_257' title='bbox 617 2966 864 3033; x_wconf 88' lang='lat' dir='ltr'>antiquus</span> <span class='ocrx_word' id='word_1_258' title='bbox 897 2967 1149 3019; x_wconf 88' lang='lat' dir='ltr'>dicebat‘</span> <span class='ocrx_word' id='word_1_259' title='bbox 1159 2969 1372 3038; x_wconf 84' lang='lat' dir='ltr'>agonia&#39;</span> <span class='ocrx_word' id='word_1_260' title='bbox 1405 2988 1595 3022; x_wconf 75' lang='lat' dir='ltr'>sermo·</span> 
     </span>
     <span class='ocr_line' id='line_1_39' title="bbox 414 3014 1547 3104; baseline 0.005 -17"><span class='ocrx_word' id='word_1_261' title='bbox 414 3053 643 3104; x_wconf 89' lang='lat' dir='ltr'>veraque</span> <span class='ocrx_word' id='word_1_262' title='bbox 674 3037 867 3089; x_wconf 90' lang='lat' dir='ltr'>iudicio</span> <span class='ocrx_word' id='word_1_263' title='bbox 898 3047 978 3090; x_wconf 87' lang='lat' dir='ltr'>est</span> <span class='ocrx_word' id='word_1_264' title='bbox 1006 3014 1224 3090; x_wconf 72' lang='lat' dir='ltr'>ultimaD</span> <span class='ocrx_word' id='word_1_265' title='bbox 1222 3058 1382 3092; x_wconf 89' lang='lat' dir='ltr'>causa</span> <span class='ocrx_word' id='word_1_266' title='bbox 1410 3058 1547 3093; x_wconf 86' lang='lat' dir='ltr'>meo.</span> 
     </span>
     <span class='ocr_line' id='line_1_40' title="bbox 341 3110 1804 3179; baseline 0.003 -22"><span class='ocrx_word' id='word_1_267' title='bbox 341 3114 505 3174; x_wconf 88' lang='lat' dir='ltr'>utque</span> <span class='ocrx_word' id='word_1_268' title='bbox 536 3125 599 3158; x_wconf 91' lang='lat' dir='ltr'>ea</span> <span class='ocrx_word' id='word_1_269' title='bbox 627 3125 735 3159; x_wconf 92' lang='lat' dir='ltr'>non</span> <span class='ocrx_word' id='word_1_270' title='bbox 765 3117 908 3161; x_wconf 90' lang='lat' dir='ltr'>certa</span> <span class='ocrx_word' id='word_1_271' title='bbox 938 3117 1039 3171; x_wconf 86' lang='lat' dir='ltr'>est,</span> <span class='ocrx_word' id='word_1_272' title='bbox 1068 3110 1142 3161; x_wconf 91' lang='lat' dir='ltr'>ita</span> <span class='ocrx_word' id='word_1_273' title='bbox 1171 3129 1264 3162; x_wconf 87' lang='lat' dir='ltr'>rex</span> <span class='ocrx_word' id='word_1_274' title='bbox 1294 3110 1503 3179; x_wconf 87' lang='lat' dir='ltr'>placare</span> <span class='ocrx_word' id='word_1_275' title='bbox 1535 3128 1804 3163; x_wconf 89' lang='lat' dir='ltr'>sacrorum</span> 
     </span>
     <span class='ocr_line' id='line_1_41' title="bbox 364 3177 1524 3249; baseline 0.003 -21"><span class='ocrx_word' id='word_1_276' title='bbox 364 3208 367 3210; x_wconf 91' lang='lat'><em>-</em></span> <span class='ocrx_word' id='word_1_277' title='bbox 411 3177 628 3229; x_wconf 91' lang='lat' dir='ltr'>numina</span> <span class='ocrx_word' id='word_1_278' title='bbox 657 3178 923 3247; x_wconf 89' lang='lat' dir='ltr'>lanigerae</span> <span class='ocrx_word' id='word_1_279' title='bbox 954 3179 1178 3249; x_wconf 87' lang='lat' dir='ltr'>coniuge</span> <span class='ocrx_word' id='word_1_280' title='bbox 1209 3180 1365 3232; x_wconf 86' lang='lat' dir='ltr'>debet</span> <span class='ocrx_word' id='word_1_281' title='bbox 1395 3181 1524 3232; x_wconf 90' lang='lat' dir='ltr'>ovis.</span> 
     </span>
     <span class='ocr_line' id='line_1_42' title="bbox 226 3224 1718 3315; baseline 0 -12"><span class='ocrx_word' id='word_1_282' title='bbox 226 3264 310 3303; x_wconf 85' lang='lat'>335</span> <span class='ocrx_word' id='word_1_283' title='bbox 341 3246 576 3308; x_wconf 88' lang='lat' dir='ltr'>victima,</span> <span class='ocrx_word' id='word_1_284' title='bbox 609 3266 744 3315; x_wconf 88' lang='lat' dir='ltr'>quae</span> <span class='ocrx_word' id='word_1_285' title='bbox 776 3248 961 3301; x_wconf 89' lang='lat' dir='ltr'>cecidit</span> <span class='ocrx_word' id='word_1_286' title='bbox 994 3224 1178 3302; x_wconf 89' lang='lat' dir='ltr'>dextra</span> <span class='ocrx_word' id='word_1_287' title='bbox 1207 3250 1443 3313; x_wconf 88' lang='lat' dir='ltr'>victrice,</span> <span class='ocrx_word' id='word_1_288' title='bbox 1476 3259 1718 3309; x_wconf 84' lang='lat' dir='ltr'>vocatur·</span> 
     </span>
     <span class='ocr_line' id='line_1_43' title="bbox 411 3317 1583 3374; baseline 0.004 -5"><span class='ocrx_word' id='word_1_289' title='bbox 411 3317 651 3370; x_wconf 86' lang='lat' dir='ltr'>hostibus</span> <span class='ocrx_word' id='word_1_290' title='bbox 682 3337 714 3371; x_wconf 91' lang='lat' dir='ltr'>a</span> <span class='ocrx_word' id='word_1_291' title='bbox 744 3319 952 3371; x_wconf 88' lang='lat' dir='ltr'>domitis</span> <span class='ocrx_word' id='word_1_292' title='bbox 985 3319 1153 3371; x_wconf 87' lang='lat' dir='ltr'>hostia</span> <span class='ocrx_word' id='word_1_293' title='bbox 1183 3338 1375 3373; x_wconf 90' lang='lat' dir='ltr'>nomen</span> <span class='ocrx_word' id='word_1_294' title='bbox 1404 3321 1583 3374; x_wconf 86' lang='lat' dir='ltr'>habet.</span> 
     </span>
     <span class='ocr_line' id='line_1_44' title="bbox 340 3388 1594 3465; baseline 0.003 -25"><span class='ocrx_word' id='word_1_295' title='bbox 340 3397 484 3451; x_wconf 91' lang='lat' dir='ltr'>ante,</span> <span class='ocrx_word' id='word_1_296' title='bbox 518 3388 643 3442; x_wconf 88' lang='lat' dir='ltr'>deos</span> <span class='ocrx_word' id='word_1_297' title='bbox 674 3388 872 3441; x_wconf 89' lang='lat' dir='ltr'>homini</span> <span class='ocrx_word' id='word_1_298' title='bbox 902 3390 1044 3458; x_wconf 92' lang='lat' dir='ltr'>quod</span> <span class='ocrx_word' id='word_1_299' title='bbox 1074 3391 1350 3444; x_wconf 86' lang='lat' dir='ltr'>conciliare</span> <span class='ocrx_word' id='word_1_300' title='bbox 1382 3392 1594 3465; x_wconf 67' lang='lat' dir='ltr'>valeret,</span> 
     </span>
    </p>
   </div>
   <div class='ocr_carea' id='block_1_6' title="bbox 2095 0 2158 3906">
    <p class='ocr_par' dir='ltr' id='par_1_6' title="bbox 2095 0 2158 3906">
     <span class='ocr_line' id='line_1_45' title="bbox 2095 0 2158 3906; baseline 0 0"><span class='ocrx_word' id='word_1_301' title='bbox 2095 0 2158 3906; x_wconf 95' lang='lat' dir='ltr'> </span> 
     </span>
    </p>
   </div>
  </div>
 </body>
</html>
