2158 3906
487 369 576 415 EX
604 369 822 420 PONTO
852 369 974 414 LIB.
1007 368 1094 414 111.
1126 369 1166 427 1,
1194 369 1409 415 41—128.
1704 358 1810 413 253

109 482 153 529 t
181 472 356 528 minus
387 470 581 526 infesta
609 471 812 529 iaceam
842 471 1082 554 regione,
1113 471 1311 535 labora,
1835 488 1892 528 85

163 542 353 599 clauda
381 561 481 597 nec
511 542 672 596 officii
701 561 823 613 pars
855 551 953 597 ent
983 542 1091 595 ulla
1120 542 1213 596 tui.

83 633 288 687 magna
316 623 464 685 pet0,
496 613 591 667 sed
619 631 726 668 non
757 623 934 667 tamen
962 613 1223 667 invidiosa
1252 612 1482 685 roganti:

164 694 328 755 utque
359 702 423 738 ea
451 693 795 747 nonteneas,
827 693 941 737 tuta
969 684 1181 755 repulsa
1210 693 1302 738 tua
1332 694 1426 738 est.

39 800 41 802 -
91 773 191 814 nec
220 754 349 811 mihi
380 773 653 818 suscense,
684 754 875 809 totiens
907 754 951 807 si
984 755 1212 809 carmine
1242 765 1438 819 nostro,

39 847 43 899 ⁴3
90 854 91 866 2
163 826 308 898 quod
337 825 492 890 facis,
529 834 589 879 ut
618 825 807 889 facias,
838 834 995 895 teque
1026 825 1253 889 imitere,
1284 845 1432 898 rogo·
1836 842 1895 883 90

38 931 40 939 =
82 897 318 956 fortibus
349 895 581 952 assuevit
611 896 826 951 tubicen
855 896 1131 968 prodesse,
1164 915 1365 967 suoque

39 978 50 1005 s
89 1007 91 1010 -
165 969 275 1023 dux
306 968 440 1023 bene
470 967 757 1039 pugnantis
787 967 970 1022 incitat
1000 985 1088 1022 ore
1119 967 1275 1021 viros.

21 1048 22 1053 ’
91 1049 219 1096 nota
249 1049 341 1094 tua
371 1047 450 1094 est
478 1039 714 1110 probitas
746 1047 1041 1109 testataque
1072 1048 1280 1110 tempus
1311 1039 1366 1092 in
1396 1057 1576 1095 omne:

165 1111 232 1165 sit
261 1110 427 1165 virtus
458 1110 616 1165 etiam
646 1128 754 1164 non
783 1109 1044 1181 probitate
1076 1110 1261 1164 minor.

37 1220 47 1239 f
84 1215 85 1219 =
109 1200 200 1237 ·on
230 1181 325 1236 tibi
354 1181 654 1236 Amazonia
685 1190 764 1235 est
794 1199 888 1253 pro
918 1200 1003 1235 me
1033 1181 1291 1235 sumenda
1320 1181 1533 1244 securis,
1838 1196 1893 1236 95

39 1298 43 1299 γ
165 1262 257 1307 aut
287 1252 464 1308 excisa
493 1252 599 1307 levi
628 1253 771 1323 pelta
799 1252 1032 1323 gerenda
1061 1270 1245 1304 manu:

82 1334 290 1381 numen
321 1323 650 1378 adorandum
680 1332 782 1387 est,
812 1341 920 1377 non
948 1332 1008 1376 ut
1036 1322 1165 1375 mihi
1195 1323 1287 1376 fiat
1317 1322 1562 1385 amicum,

36 1459 37 1462 Ἴ
165 1395 258 1450 sed
289 1395 356 1449 sit
385 1403 446 1449 ut
474 1394 692 1458 iratum,
722 1412 882 1464 quam
912 1393 1013 1447 fuit
1043 1402 1189 1457 ante,
1221 1393 1411 1447 minus.

85 1493 121 1531 η
159 1466 265 1521 atia
295 1466 340 1520 si
369 1466 514 1521 nulla
545 1475 649 1528 est,
679 1465 926 1519 lacrimae
958 1464 1054 1517 tibi
1082 1464 1255 1535 gratia
1283 1464 1432 1518 fient:

82 1580 88 1603 ‚
164 1537 264 1592 hac
333 1546 444 1592 otes
475 1545 568 1591 aut
596 1536 742 1590 nulla
771 1544 919 1606 parte
951 1553 1162 1589 movere
1194 1534 1338 1588 deos.
1842 1551 1924 1591 100

83 1627 231 1664 *uae
261 1609 300 1662 ti
339 1608 357 1661 i
386 1626 454 1663 ne
485 1606 678 1670 desint,
712 1606 847 1660 bene
878 1624 973 1677 per
1002 1606 1142 1659 mala
1171 1615 1352 1660 nostra
1381 1613 1619 1660 cavetur=

163 1697 354 1749 meque
384 1678 497 1732 viro
527 1677 689 1733 flendi
719 1677 871 1748 copia
901 1677 1048 1732 dives
1079 1676 1244 1731 adest.

84 1759 153 1806 ut
191 1769 259 1806 ue
288 1768 440 1804 meae
469 1767 552 1804 res
585 1758 730 1812 sunt,
761 1748 927 1812 omni,
958 1758 1111 1819 puto,
1142 1758 1378 1819 tempore
1409 1747 1583 1803 flebis:

203 1841 260 1876 as
290 1820 503 1876 fortuna
532 1819 628 1874 tibi
657 1829 838 1874 nostra
866 1819 1125 1873 ministret
1156 1838 1301 1890 opes.

90 1893 140 1949 si
167 1911 286 1948 mea
314 1910 457 1946 mors
486 1891 794 1947 redimenda
823 1899 915 1944 tua
943 1921 1015 1929 —
1045 1890 1188 1959 quod
1219 1890 1494 1944 abominor
1522 1919 1595 1930 —
1623 1898 1777 1953 esset,
1842 1907 1921 1946 105

81 1995 83 1998 <
165 1963 386 2018 Admeti
415 1962 669 2027 coniunx,
701 1980 862 2032 quam
893 1961 1210 2031 sequereris,
1243 1971 1378 2024 erat3

84 2036 302 2091 aemula
330 2034 628 2105 Penelopes
657 2033 834 2096 fieres,
867 2032 911 2087 si
940 2032 1127 2086 fraude
1158 2031 1351 2103 pudica

165 2105 407 2159 instantis
438 2105 600 2159 velles
630 2104 813 2158 fallere
842 2113 1008 2175 nupta
1036 2122 1241 2174 procOS.

92 2173 167 2249 [si
196 2195 372 2232 comes
403 2175 619 2231 extincti
648 2176 840 2229 Manes
872 2192 1148 2244 sequerere
1179 2174 1370 2238 mariti,

166 2257 303 2303 esset
333 2248 443 2301 dux
471 2246 600 2301 facti
629 2246 926 2300 Laodamia
955 2246 1047 2300 tui.
1841 2262 1925 2303 110

36 2351 39 2379 ;
77 2318 274 2391 Iphias
306 2328 428 2373 ante
458 2318 638 2373 oculos
670 2317 765 2371 tibi
797 2327 908 2371 erat
937 2316 1208 2388 ponenda,
1239 2316 1436 2371 volenti

166 2408 356 2462 corpus
386 2389 442 2443 in
473 2407 721 2444 accensos
751 2388 958 2442 mittere
988 2388 1124 2441 forte
1155 2386 1336 2458 rogos]

36 2495 61 2508 «
80 2470 261 2525 “morte
291 2460 421 2515 nihil
450 2479 583 2532 opus
614 2469 717 2523 est,
748 2459 877 2513 nihil
907 2459 1189 2513 Icariotide
1221 2458 1348 2512 tela:

36 2535 39 2549 '
72 2568 74 2571 v
167 2530 412 2587 Caesaris
443 2540 523 2586 est
551 2531 782 2586 coniunx
812 2549 901 2585 ore
927 2529 1198 2602 precanda
1227 2540 1336 2593 tuO,

18 2611 47 2660 'J‘
78 2621 232 2675 ‘quac
298 2612 492 2657 raestat
522 2602 713 2657 virtute
745 2621 864 2665 sua,
894 2621 961 2656 ne
991 2602 1429 2673 prisca-vetustas
1842 2618 1922 2658 115

36 2730 45 2742 ⁴.
165 2675 252 2728 lau
294 2693 322 2727 e
352 2673 639 2745 pudicitiae
669 2674 880 2728 saecula
908 2683 1088 2727 nostra
1117 2682 1345 2744 premat3

21 2804 22 2811 χ
75 2762 232 2815 ‚quae
262 2744 489 2800 Veneris
520 2743 770 2807 formam,
802 2762 974 2799 mores
1005 2743 1224 2797 Iunonis
1254 2742 1501 2797 habendo

78 2838 79 2842 ¹
167 2816 280 2870 sola
310 2825 389 2869 est
419 2815 631 2869 caelesti
660 2815 822 2884 digna
850 2824 1058 2885 reperta
1088 2824 1219 2868 toro.
1374 2865 1388 2881 ,

50 2887 226 2958 Ξ”“(]ιιὶ(1
255 2885 486 2957 trepidas
516 2894 570 2940 et
599 2885 743 2940 adire
772 2885 956 2940 times?
985 2903 1092 2938 non
1122 2883 1285 2955 impia
1312 2883 1528 2955 Progne

47 2962 53 3013 f
79 2995 81 2997 -
167 2957 342 3012 filiave
375 2957 577 3011 Aeetae
607 2973 737 3010 voce
767 2956 1030 3010 movenda
1061 2965 1153 3009 tua
1182 2964 1278 3018 est,
1841 2973 1924 3014 120

22 3043 23 3046 ’
88 3047 196 3087 ,nec
226 3046 390 3082 nurus
421 3027 658 3098 Aegypti
688 3045 786 3081 nec
816 3046 976 3081 saeva
1004 3025 1425 3097 Agamemnonis
1457 3043 1606 3091 uxor,

37 3124 81 3173 ,ἒ
172 3098 480 3170 Scyllaque,
512 3117 648 3168 quae
680 3097 888 3153 Siculas
919 3097 1136 3168 inguine
1165 3106 1326 3151 terret
1354 3114 1544 3165 aquas;

46 3185 78 3256 ἓξ
97 3169 424 3241 Telegonive
453 3188 644 3240 parens
674 3169 937 3223 vertendis
968 3178 1092 3221 nata
1120 3167 1322 3238 figuriS,

52 3274 70 3293 ,-
169 3259 412 3311 nexaque
441 3241 667 3294 nodosas
699 3259 872 3310 angue
902 3239 1135 3293 Medusa
1164 3257 1365 3296 comas:

26 3334 37 3338 ⁴
85 3310 296 3370 femina
325 3311 420 3366 sed
447 3312 717 3383 princePS,
747 3311 802 3364 in
833 3329 940 3380 qua
968 3311 1206 3364 Fortuna
1235 3309 1413 3364 videre
1844 3328 1924 3367 125

172 3401 230 3436 se
257 3382 448 3453 probat
478 3392 531 3436 et
561 3401 750 3437 caecae
781 3382 999 3436 crimina
1028 3382 1163 3435 falsa
1192 3380 1336 3434 tulit:

52 3495 55 3499 .
86 3467 210 3521 qua
238 3451 369 3506 nihil
396 3453 453 3506 in
482 3453 631 3508 terris
663 3454 731 3508 ad
760 3454 921 3508 finem
951 3453 1073 3507 solis
1105 3452 1172 3506 ab
1203 3461 1323 3506 ortu

174 3522 364 3577 clarius
373 3562 388 3587 ,
419 3534 638 3595 excepto
670 3523 924 3594 Caesare,
956 3523 1185 3578 mundus
1214 3523 1392 3579 habet.
