<?xml version="1.0" encoding="UTF-8"?>
<!DOCTYPE html PUBLIC "-//W3C//DTD XHTML 1.0 Transitional//EN"
    "http://www.w3.org/TR/xhtml1/DTD/xhtml1-transitional.dtd">
<html xmlns="http://www.w3.org/1999/xhtml" xml:lang="en" lang="en">
 <head>
  <title>
</title>
<meta http-equiv="Content-Type" content="text/html;charset=utf-8" />
  <meta name='ocr-system' content='tesseract 3.04.00' />
  <meta name='ocr-capabilities' content='ocr_page ocr_carea ocr_par ocr_line ocrx_word'/>
</head>
<body>
  <div class='ocr_page' id='page_1' title='image "./carminaov03oviduoft_0177.png"; bbox 0 0 2158 3906; ppageno 0'>
   <div class='ocr_carea' id='block_1_1' title="bbox 0 1216 30 3636">
    <p class='ocr_par' dir='ltr' id='par_1_1' title="bbox 0 1216 30 3636">
     <span class='ocr_line' id='line_1_1' title="bbox 0 1216 30 3636; baseline 0 0"><span class='ocrx_word' id='word_1_1' title='bbox 0 1216 30 3636; x_wconf 95' lang='lat' dir='ltr'> </span> 
     </span>
    </p>
   </div>
   <div class='ocr_carea' id='block_1_2' title="bbox 581 351 1412 399">
    <p class='ocr_par' dir='ltr' id='par_1_2' title="bbox 581 351 1412 399">
     <span class='ocr_line' id='line_1_2' title="bbox 581 351 1412 399; baseline -0.002 -1"><span class='ocrx_word' id='word_1_2' title='bbox 581 352 895 399; x_wconf 83' lang='lat' dir='ltr'>TRISTIUM</span> <span class='ocrx_word' id='word_1_3' title='bbox 924 352 1044 397; x_wconf 91' lang='lat' dir='ltr'><strong>LIB.</strong></span> <span class='ocrx_word' id='word_1_4' title='bbox 1078 351 1139 396; x_wconf 89' lang='grc' dir='ltr'>ΙΙ.</span> <span class='ocrx_word' id='word_1_5' title='bbox 1173 352 1412 397; x_wconf 84' lang='grc'>151-238.</span> 
     </span>
    </p>
   </div>
   <div class='ocr_carea' id='block_1_3' title="bbox 140 453 1725 1301">
    <p class='ocr_par' dir='ltr' id='par_1_3' title="bbox 147 453 1485 598">
     <span class='ocr_line' id='line_1_3' title="bbox 147 453 1413 524; baseline -0.006 -12"><span class='ocrx_word' id='word_1_6' title='bbox 147 458 401 512; x_wconf 80' lang='lat' dir='ltr'>hactenus</span> <span class='ocrx_word' id='word_1_7' title='bbox 431 453 630 508; x_wconf 82' lang='lat' dir='ltr'><strong>Euxini</strong></span> <span class='ocrx_word' id='word_1_8' title='bbox 661 474 782 524; x_wconf 88' lang='lat' dir='ltr'>pars</span> <span class='ocrx_word' id='word_1_9' title='bbox 814 463 894 508; x_wconf 90' lang='lat' dir='ltr'>est</span> <span class='ocrx_word' id='word_1_10' title='bbox 923 453 1166 506; x_wconf 88' lang='lat' dir='ltr'>Romana</span> <span class='ocrx_word' id='word_1_11' title='bbox 1195 453 1413 506; x_wconf 81' lang='lat' dir='ltr'>sinistri:</span> 
     </span>
     <span class='ocr_line' id='line_1_4' title="bbox 218 524 1485 598; baseline -0.003 -18"><span class='ocrx_word' id='word_1_12' title='bbox 218 526 458 598; x_wconf 85' lang='lat' dir='ltr'>proxima</span> <span class='ocrx_word' id='word_1_13' title='bbox 486 526 776 579; x_wconf 83' lang='lat' dir='ltr'>Basternae</span> <span class='ocrx_word' id='word_1_14' title='bbox 808 524 1259 593; x_wconf 84' lang='lat' dir='ltr'>Sauromataeque</span> <span class='ocrx_word' id='word_1_15' title='bbox 1289 532 1485 577; x_wconf 86' lang='lat' dir='ltr'>tenent.</span> 
     </span>
    </p>

    <p class='ocr_par' dir='ltr' id='par_1_4' title="bbox 148 594 1493 663">
     <span class='ocr_line' id='line_1_5' title="bbox 148 594 1493 663; baseline -0.004 -11"><span class='ocrx_word' id='word_1_16' title='bbox 148 597 279 652; x_wconf 88' lang='lat' dir='ltr'>haec</span> <span class='ocrx_word' id='word_1_17' title='bbox 310 606 387 651; x_wconf 88' lang='lat' dir='ltr'>est</span> <span class='ocrx_word' id='word_1_18' title='bbox 415 596 655 649; x_wconf 89' lang='lat' dir='ltr'>Ausonio</span> <span class='ocrx_word' id='word_1_19' title='bbox 687 597 786 648; x_wconf 91' lang='lat' dir='ltr'>sub</span> <span class='ocrx_word' id='word_1_20' title='bbox 815 596 928 648; x_wconf 90' lang='lat' dir='ltr'>iure</span> <span class='ocrx_word' id='word_1_21' title='bbox 958 595 1267 657; x_wconf 87' lang='lat' dir='ltr'>novissima,</span> <span class='ocrx_word' id='word_1_22' title='bbox 1298 594 1493 663; x_wconf 85' lang='lat' dir='ltr'>vixque</span> 
     </span>
    </p>

    <p class='ocr_par' dir='ltr' id='par_1_5' title="bbox 140 666 1281 736">
     <span class='ocr_line' id='line_1_6' title="bbox 140 666 1281 736; baseline -0.002 -16"><span class='ocrx_word' id='word_1_23' title='bbox 140 686 142 692; x_wconf 71' lang='grc'>’</span> <span class='ocrx_word' id='word_1_24' title='bbox 220 668 401 722; x_wconf 83' lang='lat' dir='ltr'>haeret</span> <span class='ocrx_word' id='word_1_25' title='bbox 429 666 482 720; x_wconf 91' lang='lat' dir='ltr'>in</span> <span class='ocrx_word' id='word_1_26' title='bbox 513 666 718 736; x_wconf 87' lang='lat' dir='ltr'>imperii</span> <span class='ocrx_word' id='word_1_27' title='bbox 748 666 986 736; x_wconf 87' lang='lat' dir='ltr'>margine</span> <span class='ocrx_word' id='word_1_28' title='bbox 1015 675 1153 719; x_wconf 87' lang='lat' dir='ltr'>terra</span> <span class='ocrx_word' id='word_1_29' title='bbox 1182 666 1281 718; x_wconf 87' lang='lat' dir='ltr'>tui:</span> 
     </span>
    </p>

    <p class='ocr_par' dir='ltr' id='par_1_6' title="bbox 147 734 1545 809">
     <span class='ocr_line' id='line_1_7' title="bbox 147 734 1545 809; baseline -0.003 -15"><span class='ocrx_word' id='word_1_30' title='bbox 147 739 240 794; x_wconf 89' lang='lat' dir='ltr'>Iaz</span> <span class='ocrx_word' id='word_1_31' title='bbox 279 756 374 809; x_wconf 88' lang='lat' dir='ltr'>ges</span> <span class='ocrx_word' id='word_1_32' title='bbox 405 745 458 792; x_wconf 88' lang='lat' dir='ltr'>et</span> <span class='ocrx_word' id='word_1_33' title='bbox 488 735 675 791; x_wconf 80' lang='lat' dir='ltr'>Colchi</span> <span class='ocrx_word' id='word_1_34' title='bbox 703 737 1049 805; x_wconf 88' lang='lat' dir='ltr'>Metereaque</span> <span class='ocrx_word' id='word_1_35' title='bbox 1080 736 1236 790; x_wconf 86' lang='lat' dir='ltr'>turba</span> <span class='ocrx_word' id='word_1_36' title='bbox 1267 734 1545 806; x_wconf 87' lang='lat' dir='ltr'>Getaeque</span> 
     </span>
    </p>

    <p class='ocr_par' dir='ltr' id='par_1_7' title="bbox 141 807 1366 878">
     <span class='ocr_line' id='line_1_8' title="bbox 141 807 1366 878; baseline -0.003 -15"><span class='ocrx_word' id='word_1_37' title='bbox 141 826 146 838; x_wconf 44' lang='lat' dir='ltr'><em>f</em></span> <span class='ocrx_word' id='word_1_38' title='bbox 279 808 460 862; x_wconf 85' lang='lat' dir='ltr'>anuvii</span> <span class='ocrx_word' id='word_1_39' title='bbox 488 807 675 862; x_wconf 89' lang='lat' dir='ltr'>mediis</span> <span class='ocrx_word' id='word_1_40' title='bbox 705 808 794 861; x_wconf 89' lang='lat' dir='ltr'>vix</span> <span class='ocrx_word' id='word_1_41' title='bbox 825 807 1169 878; x_wconf 86' lang='lat' dir='ltr'>prohibentur</span> <span class='ocrx_word' id='word_1_42' title='bbox 1199 807 1366 876; x_wconf 88' lang='lat' dir='ltr'>aquis.</span> 
     </span>
    </p>

    <p class='ocr_par' dir='ltr' id='par_1_8' title="bbox 147 878 1571 1020">
     <span class='ocr_line' id='line_1_9' title="bbox 147 878 1453 951; baseline -0.002 -16"><span class='ocrx_word' id='word_1_43' title='bbox 147 881 290 935; x_wconf 88' lang='lat' dir='ltr'>unde</span> <span class='ocrx_word' id='word_1_44' title='bbox 320 880 506 951; x_wconf 78' lang='lat' dir='ltr'>precor</span> <span class='ocrx_word' id='word_1_45' title='bbox 536 879 760 949; x_wconf 80' lang='lat' dir='ltr'>supplex</span> <span class='ocrx_word' id='word_1_46' title='bbox 789 889 848 932; x_wconf 85' lang='lat' dir='ltr'>ut</span> <span class='ocrx_word' id='word_1_47' title='bbox 877 897 972 932; x_wconf 88' lang='lat' dir='ltr'>nos</span> <span class='ocrx_word' id='word_1_48' title='bbox 1003 878 1057 931; x_wconf 91' lang='lat' dir='ltr'>in</span> <span class='ocrx_word' id='word_1_49' title='bbox 1088 888 1203 931; x_wconf 91' lang='lat' dir='ltr'>tuta</span> <span class='ocrx_word' id='word_1_50' title='bbox 1231 878 1453 949; x_wconf 87' lang='lat' dir='ltr'>releges,</span> 
     </span>
     <span class='ocr_line' id='line_1_10' title="bbox 220 948 1571 1020; baseline -0.003 -16"><span class='ocrx_word' id='word_1_51' title='bbox 220 970 287 1005; x_wconf 88' lang='lat' dir='ltr'>ne</span> <span class='ocrx_word' id='word_1_52' title='bbox 318 950 384 1004; x_wconf 89' lang='lat' dir='ltr'>sit</span> <span class='ocrx_word' id='word_1_53' title='bbox 414 969 535 1005; x_wconf 91' lang='lat' dir='ltr'>cum</span> <span class='ocrx_word' id='word_1_54' title='bbox 565 949 735 1020; x_wconf 90' lang='lat' dir='ltr'>patria</span> <span class='ocrx_word' id='word_1_55' title='bbox 763 969 869 1020; x_wconf 86' lang='lat' dir='ltr'>pax</span> <span class='ocrx_word' id='word_1_56' title='bbox 900 967 1111 1018; x_wconf 88' lang='lat' dir='ltr'>quoque</span> <span class='ocrx_word' id='word_1_57' title='bbox 1143 949 1389 1019; x_wconf 88' lang='lat' dir='ltr'>adempta</span> <span class='ocrx_word' id='word_1_58' title='bbox 1419 948 1571 1011; x_wconf 80' lang='lat' dir='ltr'>mihi3</span> 
     </span>
    </p>

    <p class='ocr_par' dir='ltr' id='par_1_9' title="bbox 147 1019 1725 1161">
     <span class='ocr_line' id='line_1_11' title="bbox 147 1019 1725 1091; baseline -0.003 -15"><span class='ocrx_word' id='word_1_59' title='bbox 147 1041 216 1076; x_wconf 90' lang='lat' dir='ltr'>ne</span> <span class='ocrx_word' id='word_1_60' title='bbox 247 1021 462 1075; x_wconf 89' lang='lat' dir='ltr'>timeam</span> <span class='ocrx_word' id='word_1_61' title='bbox 491 1030 702 1091; x_wconf 86' lang='lat' dir='ltr'>gentes,</span> <span class='ocrx_word' id='word_1_62' title='bbox 733 1038 864 1090; x_wconf 86' lang='lat' dir='ltr'>quas</span> <span class='ocrx_word' id='word_1_63' title='bbox 895 1038 1002 1073; x_wconf 89' lang='lat' dir='ltr'>non</span> <span class='ocrx_word' id='word_1_64' title='bbox 1034 1021 1166 1074; x_wconf 91' lang='lat' dir='ltr'>bene</span> <span class='ocrx_word' id='word_1_65' title='bbox 1198 1029 1494 1074; x_wconf 89' lang='lat' dir='ltr'>summovet</span> <span class='ocrx_word' id='word_1_66' title='bbox 1525 1019 1725 1081; x_wconf 82' lang='lat' dir='ltr'>Hister,</span> 
     </span>
     <span class='ocr_line' id='line_1_12' title="bbox 221 1091 1339 1161; baseline -0.003 -15"><span class='ocrx_word' id='word_1_67' title='bbox 221 1110 355 1146; x_wconf 88' lang='lat' dir='ltr'>neve</span> <span class='ocrx_word' id='word_1_68' title='bbox 386 1101 507 1145; x_wconf 92' lang='lat' dir='ltr'>tuus</span> <span class='ocrx_word' id='word_1_69' title='bbox 578 1091 737 1144; x_wconf 89' lang='lat' dir='ltr'>ossim</span> <span class='ocrx_word' id='word_1_70' title='bbox 768 1091 896 1145; x_wconf 90' lang='lat' dir='ltr'>civis</span> <span class='ocrx_word' id='word_1_71' title='bbox 927 1091 994 1144; x_wconf 87' lang='lat' dir='ltr'>ab</span> <span class='ocrx_word' id='word_1_72' title='bbox 1024 1091 1174 1144; x_wconf 90' lang='lat' dir='ltr'>hoste</span> <span class='ocrx_word' id='word_1_73' title='bbox 1205 1091 1339 1161; x_wconf 89' lang='lat' dir='ltr'>capi.</span> 
     </span>
    </p>

    <p class='ocr_par' dir='ltr' id='par_1_10' title="bbox 147 1162 1642 1301">
     <span class='ocr_line' id='line_1_13' title="bbox 147 1162 1642 1231; baseline -0.003 -14"><span class='ocrx_word' id='word_1_74' title='bbox 147 1163 230 1217; x_wconf 84' lang='lat' dir='ltr'>fas</span> <span class='ocrx_word' id='word_1_75' title='bbox 299 1162 505 1217; x_wconf 90' lang='lat' dir='ltr'>rohibet</span> <span class='ocrx_word' id='word_1_76' title='bbox 589 1162 692 1215; x_wconf 85' lang='lat' dir='ltr'>atio</span> <span class='ocrx_word' id='word_1_77' title='bbox 723 1180 1044 1231; x_wconf 90' lang='lat' dir='ltr'>quemquam</span> <span class='ocrx_word' id='word_1_78' title='bbox 1074 1162 1139 1215; x_wconf 92' lang='lat' dir='ltr'>de</span> <span class='ocrx_word' id='word_1_79' title='bbox 1171 1162 1428 1231; x_wconf 87' lang='lat' dir='ltr'>sanguine</span> <span class='ocrx_word' id='word_1_80' title='bbox 1458 1170 1642 1213; x_wconf 89' lang='lat' dir='ltr'>natum</span> 
     </span>
     <span class='ocr_line' id='line_1_14' title="bbox 223 1182 1448 1301; baseline -0.005 -13"><span class='ocrx_word' id='word_1_81' title='bbox 223 1182 543 1288; x_wconf 53' lang='lat' dir='ltr'>Cgesaribus</span> <span class='ocrx_word' id='word_1_82' title='bbox 574 1233 732 1286; x_wconf 91' lang='lat' dir='ltr'>salvis</span> <span class='ocrx_word' id='word_1_83' title='bbox 766 1232 990 1286; x_wconf 88' lang='lat' dir='ltr'>barbara</span> <span class='ocrx_word' id='word_1_84' title='bbox 1019 1232 1192 1284; x_wconf 88' lang='lat' dir='ltr'>vincla</span> <span class='ocrx_word' id='word_1_85' title='bbox 1220 1231 1345 1301; x_wconf 88' lang='lat' dir='ltr'>pati.</span> <span class='ocrx_word' id='word_1_86' title='bbox 1376 1261 1448 1269; x_wconf 89' lang='lat'>—</span> 
     </span>
    </p>
   </div>
   <div class='ocr_carea' id='block_1_4' title="bbox 6 1299 1666 1377">
    <p class='ocr_par' dir='ltr' id='par_1_11' title="bbox 6 1299 1666 1377">
     <span class='ocr_line' id='line_1_15' title="bbox 6 1299 1666 1377; baseline -0.007 -14"><span class='ocrx_word' id='word_1_87' title='bbox 6 1315 7 1363; x_wconf 73' lang='lat' dir='ltr'>J</span> <span class='ocrx_word' id='word_1_88' title='bbox 59 1299 69 1305; x_wconf 30' lang='lat'>¹</span> <span class='ocrx_word' id='word_1_89' title='bbox 148 1304 473 1377; x_wconf 88' lang='lat' dir='ltr'>perdiderint</span> <span class='ocrx_word' id='word_1_90' title='bbox 502 1322 624 1357; x_wconf 92' lang='lat' dir='ltr'>cum</span> <span class='ocrx_word' id='word_1_91' title='bbox 654 1322 738 1357; x_wconf 87' lang='lat' dir='ltr'>me</span> <span class='ocrx_word' id='word_1_92' title='bbox 768 1304 874 1356; x_wconf 92' lang='lat' dir='ltr'>duo</span> <span class='ocrx_word' id='word_1_93' title='bbox 905 1302 1147 1363; x_wconf 90' lang='lat' dir='ltr'>crimina,</span> <span class='ocrx_word' id='word_1_94' title='bbox 1179 1319 1391 1355; x_wconf 89' lang='lat' dir='ltr'>carmen</span> <span class='ocrx_word' id='word_1_95' title='bbox 1422 1311 1473 1356; x_wconf 91' lang='lat' dir='ltr'>et</span> <span class='ocrx_word' id='word_1_96' title='bbox 1505 1319 1666 1363; x_wconf 87' lang='lat' dir='ltr'>error,</span> 
     </span>
    </p>
   </div>
   <div class='ocr_carea' id='block_1_5' title="bbox 77 1372 1756 3569">
    <p class='ocr_par' dir='ltr' id='par_1_12' title="bbox 223 1372 1191 1444">
     <span class='ocr_line' id='line_1_16' title="bbox 223 1372 1191 1444; baseline -0.005 -15"><span class='ocrx_word' id='word_1_97' title='bbox 223 1375 435 1430; x_wconf 84' lang='lat' dir='ltr'>alterius</span> <span class='ocrx_word' id='word_1_98' title='bbox 466 1374 593 1428; x_wconf 88' lang='lat' dir='ltr'>facti</span> <span class='ocrx_word' id='word_1_99' title='bbox 623 1374 780 1444; x_wconf 88' lang='lat' dir='ltr'>culpa</span> <span class='ocrx_word' id='word_1_100' title='bbox 809 1373 1011 1427; x_wconf 89' lang='lat' dir='ltr'>silenda</span> <span class='ocrx_word' id='word_1_101' title='bbox 1039 1372 1191 1425; x_wconf 88' lang='lat' dir='ltr'>mihi:</span> 
     </span>
    </p>

    <p class='ocr_par' dir='ltr' id='par_1_13' title="bbox 148 1440 1756 1587">
     <span class='ocr_line' id='line_1_17' title="bbox 148 1440 1756 1508; baseline -0.005 -7"><span class='ocrx_word' id='word_1_102' title='bbox 148 1466 276 1501; x_wconf 89' lang='lat' dir='ltr'>nam</span> <span class='ocrx_word' id='word_1_103' title='bbox 304 1464 410 1500; x_wconf 90' lang='lat' dir='ltr'>non</span> <span class='ocrx_word' id='word_1_104' title='bbox 441 1464 559 1499; x_wconf 86' lang='lat' dir='ltr'>sum</span> <span class='ocrx_word' id='word_1_105' title='bbox 588 1445 742 1508; x_wconf 86' lang='lat' dir='ltr'>tanti,</span> <span class='ocrx_word' id='word_1_106' title='bbox 772 1462 1022 1498; x_wconf 88' lang='lat' dir='ltr'>renovem</span> <span class='ocrx_word' id='word_1_107' title='bbox 1051 1453 1111 1496; x_wconf 92' lang='lat' dir='ltr'>ut</span> <span class='ocrx_word' id='word_1_108' title='bbox 1140 1452 1231 1495; x_wconf 88' lang='lat' dir='ltr'>tua</span> <span class='ocrx_word' id='word_1_109' title='bbox 1261 1443 1504 1505; x_wconf 88' lang='lat' dir='ltr'>vulnera,</span> <span class='ocrx_word' id='word_1_110' title='bbox 1538 1440 1756 1504; x_wconf 81' lang='lat' dir='ltr'>Cacsar,</span> 
     </span>
     <span class='ocr_line' id='line_1_18' title="bbox 223 1514 1355 1587; baseline -0.004 -17"><span class='ocrx_word' id='word_1_111' title='bbox 223 1535 382 1587; x_wconf 89' lang='lat' dir='ltr'>quem</span> <span class='ocrx_word' id='word_1_112' title='bbox 411 1515 572 1570; x_wconf 90' lang='lat' dir='ltr'>nimio</span> <span class='ocrx_word' id='word_1_113' title='bbox 602 1516 722 1587; x_wconf 90' lang='lat' dir='ltr'>plus</span> <span class='ocrx_word' id='word_1_114' title='bbox 752 1524 831 1568; x_wconf 88' lang='lat' dir='ltr'>est</span> <span class='ocrx_word' id='word_1_115' title='bbox 859 1514 1144 1567; x_wconf 85' lang='lat' dir='ltr'>indoluisse</span> <span class='ocrx_word' id='word_1_116' title='bbox 1176 1514 1355 1566; x_wconf 88' lang='lat' dir='ltr'>semel.</span> 
     </span>
    </p>

    <p class='ocr_par' dir='ltr' id='par_1_14' title="bbox 151 1583 1527 1729">
     <span class='ocr_line' id='line_1_19' title="bbox 151 1583 1527 1658; baseline -0.004 -15"><span class='ocrx_word' id='word_1_117' title='bbox 151 1589 316 1643; x_wconf 87' lang='lat' dir='ltr'>altera</span> <span class='ocrx_word' id='word_1_118' title='bbox 343 1605 465 1658; x_wconf 87' lang='lat' dir='ltr'>pars</span> <span class='ocrx_word' id='word_1_119' title='bbox 497 1594 758 1657; x_wconf 85' lang='lat' dir='ltr'>superest,</span> <span class='ocrx_word' id='word_1_120' title='bbox 789 1604 896 1655; x_wconf 91' lang='lat' dir='ltr'>qua</span> <span class='ocrx_word' id='word_1_121' title='bbox 925 1594 1009 1638; x_wconf 90' lang='lat' dir='ltr'>tur</span> <span class='ocrx_word' id='word_1_122' title='bbox 1026 1585 1065 1637; x_wconf 61' lang='lat' dir='ltr'>wi</span> <span class='ocrx_word' id='word_1_123' title='bbox 1096 1584 1325 1638; x_wconf 87' lang='lat' dir='ltr'>carmine</span> <span class='ocrx_word' id='word_1_124' title='bbox 1357 1583 1527 1637; x_wconf 85' lang='lat' dir='ltr'>factus</span> 
     </span>
     <span class='ocr_line' id='line_1_20' title="bbox 221 1604 1159 1729; baseline -0.004 -17"><span class='ocrx_word' id='word_1_125' title='bbox 221 1675 417 1729; x_wconf 80' lang='lat' dir='ltr'>arguor</span> <span class='ocrx_word' id='word_1_126' title='bbox 445 1657 659 1711; x_wconf 87' lang='lat' dir='ltr'>obsceni</span> <span class='ocrx_word' id='word_1_127' title='bbox 689 1656 872 1710; x_wconf 89' lang='lat' dir='ltr'>doctor</span> <span class='ocrx_word' id='word_1_128' title='bbox 900 1604 1159 1709; x_wconf 60' lang='lat' dir='ltr'>adulterii.</span> 
     </span>
    </p>

    <p class='ocr_par' dir='ltr' id='par_1_15' title="bbox 150 1725 1380 1860">
     <span class='ocr_line' id='line_1_21' title="bbox 150 1725 1380 1800; baseline -0.005 -16"><span class='ocrx_word' id='word_1_129' title='bbox 150 1729 234 1784; x_wconf 83' lang='lat' dir='ltr'>fas</span> <span class='ocrx_word' id='word_1_130' title='bbox 264 1746 390 1800; x_wconf 85' lang='lat' dir='ltr'>ergo</span> <span class='ocrx_word' id='word_1_131' title='bbox 420 1738 500 1783; x_wconf 90' lang='lat' dir='ltr'>est</span> <span class='ocrx_word' id='word_1_132' title='bbox 529 1727 704 1798; x_wconf 89' lang='lat' dir='ltr'>aliqua</span> <span class='ocrx_word' id='word_1_133' title='bbox 733 1727 978 1782; x_wconf 86' lang='lat' dir='ltr'>caelestia</span> <span class='ocrx_word' id='word_1_134' title='bbox 1008 1738 1221 1797; x_wconf 84' lang='lat' dir='ltr'>pectora</span> <span class='ocrx_word' id='word_1_135' title='bbox 1251 1725 1380 1789; x_wconf 81' lang='lat' dir='ltr'>falli,</span> 
     </span>
     <span class='ocr_line' id='line_1_22' title="bbox 225 1798 1214 1860; baseline -0.004 -6"><span class='ocrx_word' id='word_1_136' title='bbox 225 1809 277 1855; x_wconf 86' lang='lat' dir='ltr'>et</span> <span class='ocrx_word' id='word_1_137' title='bbox 305 1807 427 1854; x_wconf 88' lang='lat' dir='ltr'>sunt</span> <span class='ocrx_word' id='word_1_138' title='bbox 455 1799 640 1853; x_wconf 89' lang='lat' dir='ltr'>notitia</span> <span class='ocrx_word' id='word_1_139' title='bbox 670 1799 836 1852; x_wconf 90' lang='lat' dir='ltr'>multa</span> <span class='ocrx_word' id='word_1_140' title='bbox 866 1798 1068 1851; x_wconf 88' lang='lat' dir='ltr'>minora</span> <span class='ocrx_word' id='word_1_141' title='bbox 1099 1809 1214 1860; x_wconf 91' lang='lat' dir='ltr'>tua;</span> 
     </span>
    </p>

    <p class='ocr_par' dir='ltr' id='par_1_16' title="bbox 152 1868 1450 2011">
     <span class='ocr_line' id='line_1_23' title="bbox 152 1868 1450 1941; baseline -0.005 -15"><span class='ocrx_word' id='word_1_142' title='bbox 152 1881 315 1941; x_wconf 88' lang='lat' dir='ltr'>utque</span> <span class='ocrx_word' id='word_1_143' title='bbox 346 1870 472 1925; x_wconf 89' lang='lat' dir='ltr'>deos</span> <span class='ocrx_word' id='word_1_144' title='bbox 503 1870 812 1938; x_wconf 88' lang='lat' dir='ltr'>caelumque</span> <span class='ocrx_word' id='word_1_145' title='bbox 843 1869 997 1922; x_wconf 88' lang='lat' dir='ltr'>simul</span> <span class='ocrx_word' id='word_1_146' title='bbox 1027 1869 1251 1922; x_wconf 88' lang='lat' dir='ltr'>sublime</span> <span class='ocrx_word' id='word_1_147' title='bbox 1282 1868 1450 1922; x_wconf 88' lang='lat' dir='ltr'>tuenti</span> 
     </span>
     <span class='ocr_line' id='line_1_24' title="bbox 223 1939 1316 2011; baseline -0.005 -15"><span class='ocrx_word' id='word_1_148' title='bbox 223 1960 331 1996; x_wconf 89' lang='lat' dir='ltr'>non</span> <span class='ocrx_word' id='word_1_149' title='bbox 359 1950 514 1995; x_wconf 88' lang='lat' dir='ltr'>vacat</span> <span class='ocrx_word' id='word_1_150' title='bbox 542 1941 746 2011; x_wconf 83' lang='lat' dir='ltr'>exiguis</span> <span class='ocrx_word' id='word_1_151' title='bbox 777 1940 935 1994; x_wconf 90' lang='lat' dir='ltr'>rebus</span> <span class='ocrx_word' id='word_1_152' title='bbox 966 1940 1149 1993; x_wconf 85' lang='lat' dir='ltr'>adesse</span> <span class='ocrx_word' id='word_1_153' title='bbox 1182 1939 1316 2002; x_wconf 84' lang='lat' dir='ltr'>Iovi,</span> 
     </span>
    </p>

    <p class='ocr_par' dir='ltr' id='par_1_17' title="bbox 151 2010 1527 2155">
     <span class='ocr_line' id='line_1_25' title="bbox 151 2010 1527 2084; baseline -0.004 -16"><span class='ocrx_word' id='word_1_154' title='bbox 151 2033 221 2068; x_wconf 89' lang='lat' dir='ltr'>ex</span> <span class='ocrx_word' id='word_1_155' title='bbox 249 2022 301 2068; x_wconf 84' lang='lat' dir='ltr'>te</span> <span class='ocrx_word' id='word_1_156' title='bbox 331 2012 648 2084; x_wconf 82' lang='lat' dir='ltr'>pendentem</span> <span class='ocrx_word' id='word_1_157' title='bbox 678 2011 753 2064; x_wconf 90' lang='lat' dir='ltr'>sic</span> <span class='ocrx_word' id='word_1_158' title='bbox 784 2012 911 2064; x_wconf 90' lang='lat' dir='ltr'>dum</span> <span class='ocrx_word' id='word_1_159' title='bbox 942 2011 1296 2081; x_wconf 86' lang='lat' dir='ltr'>circumspicis</span> <span class='ocrx_word' id='word_1_160' title='bbox 1327 2010 1527 2072; x_wconf 88' lang='lat' dir='ltr'>orbem,</span> 
     </span>
     <span class='ocr_line' id='line_1_26' title="bbox 225 2082 1113 2155; baseline -0.003 -18"><span class='ocrx_word' id='word_1_161' title='bbox 225 2083 489 2155; x_wconf 85' lang='lat' dir='ltr'>effugiunt</span> <span class='ocrx_word' id='word_1_162' title='bbox 518 2101 670 2137; x_wconf 88' lang='lat' dir='ltr'>curas</span> <span class='ocrx_word' id='word_1_163' title='bbox 701 2082 949 2135; x_wconf 86' lang='lat' dir='ltr'>inferiora</span> <span class='ocrx_word' id='word_1_164' title='bbox 978 2093 1113 2135; x_wconf 82' lang='lat' dir='ltr'>tuas.</span> 
     </span>
    </p>

    <p class='ocr_par' dir='ltr' id='par_1_18' title="bbox 151 2152 1408 2296">
     <span class='ocr_line' id='line_1_27' title="bbox 151 2152 1325 2226; baseline -0.005 -17"><span class='ocrx_word' id='word_1_165' title='bbox 151 2155 354 2210; x_wconf 87' lang='lat' dir='ltr'>scilicet</span> <span class='ocrx_word' id='word_1_166' title='bbox 382 2153 590 2226; x_wconf 88' lang='lat' dir='ltr'>imperii</span> <span class='ocrx_word' id='word_1_167' title='bbox 617 2153 862 2224; x_wconf 89' lang='lat' dir='ltr'>princeps</span> <span class='ocrx_word' id='word_1_168' title='bbox 893 2153 1114 2206; x_wconf 88' lang='lat' dir='ltr'>statione</span> <span class='ocrx_word' id='word_1_169' title='bbox 1144 2152 1325 2206; x_wconf 89' lang='lat' dir='ltr'>relicta</span> 
     </span>
     <span class='ocr_line' id='line_1_28' title="bbox 224 2222 1408 2296; baseline -0.004 -17"><span class='ocrx_word' id='word_1_170' title='bbox 224 2225 514 2296; x_wconf 87' lang='lat' dir='ltr'>imparibus</span> <span class='ocrx_word' id='word_1_171' title='bbox 542 2225 746 2295; x_wconf 84' lang='lat' dir='ltr'>legeres</span> <span class='ocrx_word' id='word_1_172' title='bbox 777 2224 1007 2277; x_wconf 88' lang='lat' dir='ltr'>carmina</span> <span class='ocrx_word' id='word_1_173' title='bbox 1037 2223 1177 2276; x_wconf 88' lang='lat' dir='ltr'>facta</span> <span class='ocrx_word' id='word_1_174' title='bbox 1207 2222 1408 2275; x_wconf 88' lang='lat' dir='ltr'>modis?</span> 
     </span>
    </p>

    <p class='ocr_par' dir='ltr' id='par_1_19' title="bbox 154 2294 1401 2437">
     <span class='ocr_line' id='line_1_29' title="bbox 154 2294 1343 2364; baseline -0.004 -13"><span class='ocrx_word' id='word_1_175' title='bbox 154 2316 262 2352; x_wconf 90' lang='lat' dir='ltr'>non</span> <span class='ocrx_word' id='word_1_176' title='bbox 291 2315 355 2350; x_wconf 90' lang='lat' dir='ltr'>ea</span> <span class='ocrx_word' id='word_1_177' title='bbox 383 2306 437 2350; x_wconf 88' lang='lat' dir='ltr'>te</span> <span class='ocrx_word' id='word_1_178' title='bbox 464 2296 629 2349; x_wconf 91' lang='lat' dir='ltr'>moles</span> <span class='ocrx_word' id='word_1_179' title='bbox 660 2295 887 2349; x_wconf 84' lang='lat' dir='ltr'>Romani</span> <span class='ocrx_word' id='word_1_180' title='bbox 915 2294 1141 2348; x_wconf 91' lang='lat' dir='ltr'>nominis</span> <span class='ocrx_word' id='word_1_181' title='bbox 1171 2304 1343 2364; x_wconf 87' lang='lat' dir='ltr'>urget,</span> 
     </span>
     <span class='ocr_line' id='line_1_30' title="bbox 226 2365 1401 2437; baseline -0.003 -16"><span class='ocrx_word' id='word_1_182' title='bbox 226 2367 386 2437; x_wconf 89' lang='lat' dir='ltr'>inque</span> <span class='ocrx_word' id='word_1_183' title='bbox 415 2367 518 2420; x_wconf 88' lang='lat' dir='ltr'>tuis</span> <span class='ocrx_word' id='word_1_184' title='bbox 549 2366 742 2420; x_wconf 88' lang='lat' dir='ltr'>umeris</span> <span class='ocrx_word' id='word_1_185' title='bbox 772 2375 880 2419; x_wconf 84' lang='lat' dir='ltr'>tam</span> <span class='ocrx_word' id='word_1_186' title='bbox 910 2367 1026 2419; x_wconf 88' lang='lat' dir='ltr'>leve</span> <span class='ocrx_word' id='word_1_187' title='bbox 1055 2365 1223 2418; x_wconf 88' lang='lat' dir='ltr'>fertur</span> <span class='ocrx_word' id='word_1_188' title='bbox 1251 2383 1401 2426; x_wconf 77' lang='lat' dir='ltr'>onUS,</span> 
     </span>
    </p>

    <p class='ocr_par' dir='ltr' id='par_1_20' title="bbox 155 2435 1396 2577">
     <span class='ocr_line' id='line_1_31' title="bbox 155 2435 1396 2508; baseline -0.004 -16"><span class='ocrx_word' id='word_1_189' title='bbox 155 2438 358 2492; x_wconf 87' lang='lat' dir='ltr'>lusibus</span> <span class='ocrx_word' id='word_1_190' title='bbox 388 2447 448 2491; x_wconf 90' lang='lat' dir='ltr'>ut</span> <span class='ocrx_word' id='word_1_191' title='bbox 476 2438 645 2508; x_wconf 90' lang='lat' dir='ltr'>possis</span> <span class='ocrx_word' id='word_1_192' title='bbox 677 2437 949 2491; x_wconf 87' lang='lat' dir='ltr'>advertere</span> <span class='ocrx_word' id='word_1_193' title='bbox 978 2456 1175 2490; x_wconf 87' lang='lat' dir='ltr'>numen</span> <span class='ocrx_word' id='word_1_194' title='bbox 1206 2435 1396 2506; x_wconf 88' lang='lat' dir='ltr'>ineptis</span> 
     </span>
     <span class='ocr_line' id='line_1_32' title="bbox 228 2507 1269 2577; baseline -0.006 -13"><span class='ocrx_word' id='word_1_195' title='bbox 228 2509 566 2577; x_wconf 86' lang='lat' dir='ltr'>excutiasque</span> <span class='ocrx_word' id='word_1_196' title='bbox 596 2509 761 2561; x_wconf 88' lang='lat' dir='ltr'>oculis</span> <span class='ocrx_word' id='word_1_197' title='bbox 791 2508 897 2562; x_wconf 93' lang='lat' dir='ltr'>otia</span> <span class='ocrx_word' id='word_1_198' title='bbox 925 2518 1103 2561; x_wconf 87' lang='lat' dir='ltr'>nostra</span> <span class='ocrx_word' id='word_1_199' title='bbox 1134 2507 1269 2559; x_wconf 83' lang='lat' dir='ltr'>tuis?</span> 
     </span>
    </p>

    <p class='ocr_par' dir='ltr' id='par_1_21' title="bbox 156 2577 1684 2721">
     <span class='ocr_line' id='line_1_33' title="bbox 156 2577 1668 2647; baseline -0.004 -13"><span class='ocrx_word' id='word_1_200' title='bbox 156 2598 297 2634; x_wconf 89' lang='lat' dir='ltr'>nunc</span> <span class='ocrx_word' id='word_1_201' title='bbox 326 2580 422 2634; x_wconf 88' lang='lat' dir='ltr'>tibi</span> <span class='ocrx_word' id='word_1_202' title='bbox 449 2579 728 2633; x_wconf 90' lang='lat' dir='ltr'>Pannonia</span> <span class='ocrx_word' id='word_1_203' title='bbox 757 2590 859 2643; x_wconf 90' lang='lat' dir='ltr'>est,</span> <span class='ocrx_word' id='word_1_204' title='bbox 890 2599 1031 2632; x_wconf 89' lang='lat' dir='ltr'>nunc</span> <span class='ocrx_word' id='word_1_205' title='bbox 1062 2579 1235 2647; x_wconf 74' lang='lat' dir='ltr'>Illyris</span> <span class='ocrx_word' id='word_1_206' title='bbox 1267 2596 1359 2630; x_wconf 91' lang='lat' dir='ltr'>ora</span> <span class='ocrx_word' id='word_1_207' title='bbox 1389 2577 1668 2638; x_wconf 86' lang='lat' dir='ltr'>domanda,</span> 
     </span>
     <span class='ocr_line' id='line_1_34' title="bbox 199 2650 1684 2721; baseline -0.003 -16"><span class='ocrx_word' id='word_1_208' title='bbox 199 2651 446 2705; x_wconf 54' lang='lat' dir='ltr'>zssaetiea</span> <span class='ocrx_word' id='word_1_209' title='bbox 474 2669 616 2704; x_wconf 90' lang='lat' dir='ltr'>nunc</span> <span class='ocrx_word' id='word_1_210' title='bbox 645 2651 899 2721; x_wconf 87' lang='lat' dir='ltr'>praebent</span> <span class='ocrx_word' id='word_1_211' title='bbox 927 2650 1260 2718; x_wconf 82' lang='lat' dir='ltr'>Thraciaque</span> <span class='ocrx_word' id='word_1_212' title='bbox 1292 2668 1438 2701; x_wconf 87' lang='lat' dir='ltr'>arma</span> <span class='ocrx_word' id='word_1_213' title='bbox 1468 2662 1684 2709; x_wconf 87' lang='lat' dir='ltr'>metum,</span> 
     </span>
    </p>

    <p class='ocr_par' dir='ltr' id='par_1_22' title="bbox 157 2720 1617 2861">
     <span class='ocr_line' id='line_1_35' title="bbox 157 2720 1617 2792; baseline -0.003 -16"><span class='ocrx_word' id='word_1_214' title='bbox 157 2740 298 2776; x_wconf 88' lang='lat' dir='ltr'>nunc</span> <span class='ocrx_word' id='word_1_215' title='bbox 327 2722 458 2792; x_wconf 88' lang='lat' dir='ltr'>petit</span> <span class='ocrx_word' id='word_1_216' title='bbox 485 2722 773 2775; x_wconf 85' lang='lat' dir='ltr'>Armenius</span> <span class='ocrx_word' id='word_1_217' title='bbox 803 2740 1012 2791; x_wconf 86' lang='lat' dir='ltr'>pacem,</span> <span class='ocrx_word' id='word_1_218' title='bbox 1043 2740 1185 2774; x_wconf 89' lang='lat' dir='ltr'>nunc</span> <span class='ocrx_word' id='word_1_219' title='bbox 1215 2720 1434 2790; x_wconf 85' lang='lat' dir='ltr'>porrigit</span> <span class='ocrx_word' id='word_1_220' title='bbox 1464 2738 1617 2772; x_wconf 82' lang='lat' dir='ltr'>arcus</span> 
     </span>
     <span class='ocr_line' id='line_1_36' title="bbox 228 2792 1546 2861; baseline -0.002 -15"><span class='ocrx_word' id='word_1_221' title='bbox 228 2792 461 2846; x_wconf 89' lang='lat' dir='ltr'>Parthus</span> <span class='ocrx_word' id='word_1_222' title='bbox 491 2810 652 2861; x_wconf 90' lang='lat' dir='ltr'>eques</span> <span class='ocrx_word' id='word_1_223' title='bbox 682 2792 867 2845; x_wconf 88' lang='lat' dir='ltr'>timida</span> <span class='ocrx_word' id='word_1_224' title='bbox 898 2804 1155 2861; x_wconf 85' lang='lat' dir='ltr'>captaque</span> <span class='ocrx_word' id='word_1_225' title='bbox 1187 2792 1339 2860; x_wconf 85' lang='lat' dir='ltr'>signa</span> <span class='ocrx_word' id='word_1_226' title='bbox 1369 2810 1546 2853; x_wconf 87' lang='lat' dir='ltr'>manu,</span> 
     </span>
    </p>

    <p class='ocr_par' dir='ltr' id='par_1_23' title="bbox 158 2861 1477 3003">
     <span class='ocr_line' id='line_1_37' title="bbox 158 2861 1477 2934; baseline -0.004 -17"><span class='ocrx_word' id='word_1_227' title='bbox 158 2881 300 2917; x_wconf 86' lang='lat' dir='ltr'>nunc</span> <span class='ocrx_word' id='word_1_228' title='bbox 329 2872 381 2917; x_wconf 86' lang='lat' dir='ltr'>te</span> <span class='ocrx_word' id='word_1_229' title='bbox 410 2864 557 2934; x_wconf 88' lang='lat' dir='ltr'>prole</span> <span class='ocrx_word' id='word_1_230' title='bbox 587 2872 680 2915; x_wconf 89' lang='lat' dir='ltr'>tua</span> <span class='ocrx_word' id='word_1_231' title='bbox 707 2863 952 2916; x_wconf 89' lang='lat' dir='ltr'>iuvenem</span> <span class='ocrx_word' id='word_1_232' title='bbox 985 2861 1274 2915; x_wconf 85' lang='lat' dir='ltr'>Germania</span> <span class='ocrx_word' id='word_1_233' title='bbox 1304 2861 1477 2923; x_wconf 84' lang='lat' dir='ltr'>sentit,</span> 
     </span>
     <span class='ocr_line' id='line_1_38' title="bbox 229 2931 1471 3003; baseline -0.002 -17"><span class='ocrx_word' id='word_1_234' title='bbox 229 2934 475 3003; x_wconf 89' lang='lat' dir='ltr'>bellaque</span> <span class='ocrx_word' id='word_1_235' title='bbox 504 2951 600 3003; x_wconf 90' lang='lat' dir='ltr'>pro</span> <span class='ocrx_word' id='word_1_236' title='bbox 630 2952 823 3003; x_wconf 84' lang='lat' dir='ltr'>magno</span> <span class='ocrx_word' id='word_1_237' title='bbox 855 2932 1084 2986; x_wconf 86' lang='lat' dir='ltr'>Caesare</span> <span class='ocrx_word' id='word_1_238' title='bbox 1117 2931 1316 2985; x_wconf 87' lang='lat' dir='ltr'>Caesar</span> <span class='ocrx_word' id='word_1_239' title='bbox 1345 2931 1471 2983; x_wconf 89' lang='lat' dir='ltr'>obit.</span> 
     </span>
    </p>

    <p class='ocr_par' dir='ltr' id='par_1_24' title="bbox 77 3003 1687 3146">
     <span class='ocr_line' id='line_1_39' title="bbox 77 3003 1687 3075; baseline -0.004 -16"><span class='ocrx_word' id='word_1_240' title='bbox 77 3061 88 3075; x_wconf 60' lang='lat'>‚</span> <span class='ocrx_word' id='word_1_241' title='bbox 160 3005 390 3074; x_wconf 89' lang='lat' dir='ltr'>denique</span> <span class='ocrx_word' id='word_1_242' title='bbox 418 3014 478 3057; x_wconf 91' lang='lat' dir='ltr'>ut</span> <span class='ocrx_word' id='word_1_243' title='bbox 507 3005 562 3056; x_wconf 90' lang='lat' dir='ltr'>in</span> <span class='ocrx_word' id='word_1_244' title='bbox 591 3014 760 3067; x_wconf 89' lang='lat' dir='ltr'>tanto,</span> <span class='ocrx_word' id='word_1_245' title='bbox 792 3011 1049 3073; x_wconf 78' lang='lat' dir='ltr'>quantum</span> <span class='ocrx_word' id='word_1_246' title='bbox 1079 3022 1186 3056; x_wconf 91' lang='lat' dir='ltr'>non</span> <span class='ocrx_word' id='word_1_247' title='bbox 1216 3003 1385 3055; x_wconf 86' lang='lat' dir='ltr'>extitit</span> <span class='ocrx_word' id='word_1_248' title='bbox 1416 3020 1687 3070; x_wconf 87' lang='lat' dir='ltr'>umquam,</span> 
     </span>
     <span class='ocr_line' id='line_1_40' title="bbox 233 3073 1520 3146; baseline -0.003 -18"><span class='ocrx_word' id='word_1_249' title='bbox 233 3094 450 3146; x_wconf 90' lang='lat' dir='ltr'>corpore</span> <span class='ocrx_word' id='word_1_250' title='bbox 480 3094 601 3146; x_wconf 90' lang='lat' dir='ltr'>pars</span> <span class='ocrx_word' id='word_1_251' title='bbox 632 3076 776 3128; x_wconf 91' lang='lat' dir='ltr'>nulla</span> <span class='ocrx_word' id='word_1_252' title='bbox 806 3085 907 3137; x_wconf 88' lang='lat' dir='ltr'>est,</span> <span class='ocrx_word' id='word_1_253' title='bbox 939 3092 1075 3143; x_wconf 87' lang='lat' dir='ltr'>quae</span> <span class='ocrx_word' id='word_1_254' title='bbox 1106 3074 1269 3134; x_wconf 88' lang='lat' dir='ltr'>labet,</span> <span class='ocrx_word' id='word_1_255' title='bbox 1299 3073 1520 3142; x_wconf 88' lang='lat' dir='ltr'>imperii,</span> 
     </span>
    </p>

    <p class='ocr_par' dir='ltr' id='par_1_25' title="bbox 162 3145 1526 3286">
     <span class='ocr_line' id='line_1_41' title="bbox 162 3145 1526 3216; baseline -0.003 -17"><span class='ocrx_word' id='word_1_256' title='bbox 162 3146 289 3200; x_wconf 87' lang='lat' dir='ltr'>urbs</span> <span class='ocrx_word' id='word_1_257' title='bbox 319 3164 530 3215; x_wconf 89' lang='lat' dir='ltr'>quoque</span> <span class='ocrx_word' id='word_1_258' title='bbox 560 3155 612 3200; x_wconf 86' lang='lat' dir='ltr'>te</span> <span class='ocrx_word' id='word_1_259' title='bbox 644 3155 695 3199; x_wconf 88' lang='lat' dir='ltr'>et</span> <span class='ocrx_word' id='word_1_260' title='bbox 724 3147 904 3216; x_wconf 82' lang='lat' dir='ltr'>legum</span> <span class='ocrx_word' id='word_1_261' title='bbox 933 3147 1093 3198; x_wconf 86' lang='lat' dir='ltr'>lassat</span> <span class='ocrx_word' id='word_1_262' title='bbox 1123 3145 1287 3197; x_wconf 87' lang='lat' dir='ltr'>tutela</span> <span class='ocrx_word' id='word_1_263' title='bbox 1316 3156 1526 3196; x_wconf 84' lang='lat' dir='ltr'>tuarum</span> 
     </span>
     <span class='ocr_line' id='line_1_42' title="bbox 234 3215 1399 3286; baseline -0.003 -16"><span class='ocrx_word' id='word_1_264' title='bbox 234 3227 285 3270; x_wconf 87' lang='lat' dir='ltr'>et</span> <span class='ocrx_word' id='word_1_265' title='bbox 315 3235 546 3280; x_wconf 90' lang='lat' dir='ltr'>morum,</span> <span class='ocrx_word' id='word_1_266' title='bbox 579 3218 761 3270; x_wconf 89' lang='lat' dir='ltr'>similis</span> <span class='ocrx_word' id='word_1_267' title='bbox 792 3235 924 3285; x_wconf 90' lang='lat' dir='ltr'>quos</span> <span class='ocrx_word' id='word_1_268' title='bbox 956 3217 1102 3286; x_wconf 90' lang='lat' dir='ltr'>cupis</span> <span class='ocrx_word' id='word_1_269' title='bbox 1134 3234 1248 3269; x_wconf 88' lang='lat' dir='ltr'>esse</span> <span class='ocrx_word' id='word_1_270' title='bbox 1279 3215 1399 3267; x_wconf 91' lang='lat' dir='ltr'>tuis.</span> 
     </span>
    </p>

    <p class='ocr_par' dir='ltr' id='par_1_26' title="bbox 165 3286 1608 3428">
     <span class='ocr_line' id='line_1_43' title="bbox 165 3286 1608 3358; baseline -0.001 -18"><span class='ocrx_word' id='word_1_271' title='bbox 165 3305 271 3340; x_wconf 82' lang='lat' dir='ltr'>non</span> <span class='ocrx_word' id='word_1_272' title='bbox 300 3287 396 3340; x_wconf 89' lang='lat' dir='ltr'>tibi</span> <span class='ocrx_word' id='word_1_273' title='bbox 425 3289 738 3358; x_wconf 84' lang='lat' dir='ltr'>contingunt</span> <span class='ocrx_word' id='word_1_274' title='bbox 767 3306 903 3356; x_wconf 86' lang='lat' dir='ltr'>quae</span> <span class='ocrx_word' id='word_1_275' title='bbox 934 3287 1179 3357; x_wconf 85' lang='lat' dir='ltr'>gentibus</span> <span class='ocrx_word' id='word_1_276' title='bbox 1211 3286 1316 3339; x_wconf 90' lang='lat' dir='ltr'>otia</span> <span class='ocrx_word' id='word_1_277' title='bbox 1345 3296 1608 3356; x_wconf 86' lang='lat' dir='ltr'>praestas3</span> 
     </span>
     <span class='ocr_line' id='line_1_44' title="bbox 236 3357 1343 3428; baseline 0 -18"><span class='ocrx_word' id='word_1_278' title='bbox 236 3357 477 3427; x_wconf 90' lang='lat' dir='ltr'>bellaque</span> <span class='ocrx_word' id='word_1_279' title='bbox 507 3377 628 3412; x_wconf 87' lang='lat' dir='ltr'>cum</span> <span class='ocrx_word' id='word_1_280' title='bbox 658 3360 836 3412; x_wconf 87' lang='lat' dir='ltr'>multis</span> <span class='ocrx_word' id='word_1_281' title='bbox 866 3359 1157 3427; x_wconf 89' lang='lat' dir='ltr'>inrequieta</span> <span class='ocrx_word' id='word_1_282' title='bbox 1187 3358 1343 3428; x_wconf 87' lang='lat' dir='ltr'>geris.</span> 
     </span>
    </p>

    <p class='ocr_par' dir='ltr' id='par_1_27' title="bbox 168 3428 1482 3569">
     <span class='ocr_line' id='line_1_45' title="bbox 168 3428 1482 3500; baseline 0 -20"><span class='ocrx_word' id='word_1_283' title='bbox 168 3428 323 3482; x_wconf 88' lang='lat' dir='ltr'>mirer</span> <span class='ocrx_word' id='word_1_284' title='bbox 351 3428 406 3481; x_wconf 88' lang='lat' dir='ltr'>in</span> <span class='ocrx_word' id='word_1_285' title='bbox 435 3429 534 3484; x_wconf 90' lang='lat' dir='ltr'>hoc</span> <span class='ocrx_word' id='word_1_286' title='bbox 562 3430 724 3500; x_wconf 84' lang='lat' dir='ltr'>igitur</span> <span class='ocrx_word' id='word_1_287' title='bbox 751 3440 1013 3482; x_wconf 86' lang='lat' dir='ltr'>tantarum</span> <span class='ocrx_word' id='word_1_288' title='bbox 1044 3429 1276 3499; x_wconf 88' lang='lat' dir='ltr'>pondere</span> <span class='ocrx_word' id='word_1_289' title='bbox 1307 3447 1482 3489; x_wconf 80' lang='lat' dir='ltr'>rerum</span> 
     </span>
     <span class='ocr_line' id='line_1_46' title="bbox 238 3500 1341 3569; baseline 0 -19"><span class='ocrx_word' id='word_1_290' title='bbox 238 3507 289 3553; x_wconf 89' lang='lat' dir='ltr'>te</span> <span class='ocrx_word' id='word_1_291' title='bbox 318 3517 607 3569; x_wconf 87' lang='lat' dir='ltr'>numquam</span> <span class='ocrx_word' id='word_1_292' title='bbox 637 3511 842 3561; x_wconf 85' lang='lat' dir='ltr'>nostros</span> <span class='ocrx_word' id='word_1_293' title='bbox 873 3501 1131 3554; x_wconf 88' lang='lat' dir='ltr'>evoluisse</span> <span class='ocrx_word' id='word_1_294' title='bbox 1162 3500 1341 3552; x_wconf 82' lang='lat' dir='ltr'>iocos?</span> 
     </span>
    </p>
   </div>
   <div class='ocr_carea' id='block_1_6' title="bbox 1757 336 1859 389">
    <p class='ocr_par' dir='ltr' id='par_1_28' title="bbox 1757 336 1859 389">
     <span class='ocr_line' id='line_1_47' title="bbox 1757 336 1859 389; baseline 0.01 -1"><span class='ocrx_word' id='word_1_295' title='bbox 1757 336 1859 389; x_wconf 85' lang='lat'>139</span> 
     </span>
    </p>
   </div>
   <div class='ocr_carea' id='block_1_7' title="bbox 1891 677 1975 789">
    <p class='ocr_par' dir='ltr' id='par_1_29' title="bbox 1891 677 1975 789">
     <span class='ocr_line' id='line_1_48' title="bbox 1891 677 1975 717; baseline 0 0"><span class='ocrx_word' id='word_1_296' title='bbox 1891 677 1975 717; x_wconf 91' lang='grc'>200</span> 
     </span>
     <span class='ocr_line' id='line_1_49' title="bbox 1894 750 1973 789; baseline -0.025 0"><span class='ocrx_word' id='word_1_297' title='bbox 1894 750 1973 789; x_wconf 90' lang='grc'>191</span> 
     </span>
    </p>
   </div>
   <div class='ocr_carea' id='block_1_8' title="bbox 1891 891 1973 932">
    <p class='ocr_par' dir='ltr' id='par_1_30' title="bbox 1891 891 1973 932">
     <span class='ocr_line' id='line_1_50' title="bbox 1891 891 1973 932; baseline -0.024 0"><span class='ocrx_word' id='word_1_298' title='bbox 1891 891 1973 932; x_wconf 82' lang='grc'>201</span> 
     </span>
    </p>
   </div>
   <div class='ocr_carea' id='block_1_9' title="bbox 1892 1172 1974 1213">
    <p class='ocr_par' dir='ltr' id='par_1_31' title="bbox 1892 1172 1974 1213">
     <span class='ocr_line' id='line_1_51' title="bbox 1892 1172 1974 1213; baseline 0 -1"><span class='ocrx_word' id='word_1_299' title='bbox 1892 1172 1974 1213; x_wconf 90' lang='grc'>205</span> 
     </span>
    </p>
   </div>
   <div class='ocr_carea' id='block_1_10' title="bbox 1893 1527 1978 1567">
    <p class='ocr_par' dir='ltr' id='par_1_32' title="bbox 1893 1527 1978 1567">
     <span class='ocr_line' id='line_1_52' title="bbox 1893 1527 1978 1567; baseline 0 -1"><span class='ocrx_word' id='word_1_300' title='bbox 1893 1527 1978 1567; x_wconf 91' lang='grc'>210</span> 
     </span>
    </p>
   </div>
   <div class='ocr_carea' id='block_1_11' title="bbox 1892 1881 1975 1920">
    <p class='ocr_par' dir='ltr' id='par_1_33' title="bbox 1892 1881 1975 1920">
     <span class='ocr_line' id='line_1_53' title="bbox 1892 1881 1975 1920; baseline 0 0"><span class='ocrx_word' id='word_1_301' title='bbox 1892 1881 1975 1920; x_wconf 89' lang='grc'>215</span> 
     </span>
    </p>
   </div>
   <div class='ocr_carea' id='block_1_12' title="bbox 1891 2237 1976 2278">
    <p class='ocr_par' dir='ltr' id='par_1_34' title="bbox 1891 2237 1976 2278">
     <span class='ocr_line' id='line_1_54' title="bbox 1891 2237 1976 2278; baseline 0.024 -2"><span class='ocrx_word' id='word_1_302' title='bbox 1891 2237 1976 2278; x_wconf 87' lang='grc'>220</span> 
     </span>
    </p>
   </div>
   <div class='ocr_carea' id='block_1_13' title="bbox 1894 2594 1977 2631">
    <p class='ocr_par' dir='ltr' id='par_1_35' title="bbox 1894 2594 1977 2631">
     <span class='ocr_line' id='line_1_55' title="bbox 1894 2594 1977 2631; baseline 0 0"><span class='ocrx_word' id='word_1_303' title='bbox 1894 2594 1977 2631; x_wconf 84' lang='grc'>225</span> 
     </span>
    </p>
   </div>
   <div class='ocr_carea' id='block_1_14' title="bbox 1897 2947 1982 2986">
    <p class='ocr_par' dir='ltr' id='par_1_36' title="bbox 1897 2947 1982 2986">
     <span class='ocr_line' id='line_1_56' title="bbox 1897 2947 1982 2986; baseline 0.024 -2"><span class='ocrx_word' id='word_1_304' title='bbox 1897 2947 1982 2986; x_wconf 88' lang='grc'>230</span> 
     </span>
    </p>
   </div>
   <div class='ocr_carea' id='block_1_15' title="bbox 1900 3301 1984 3339">
    <p class='ocr_par' dir='ltr' id='par_1_37' title="bbox 1900 3301 1984 3339">
     <span class='ocr_line' id='line_1_57' title="bbox 1900 3301 1984 3339; baseline 0 0"><span class='ocrx_word' id='word_1_305' title='bbox 1900 3301 1984 3339; x_wconf 82' lang='grc'>235</span> 
     </span>
    </p>
   </div>
  </div>
 </body>
</html>
