2158 3906
486 319 799 366 TRISTIUM
826 319 949 363 LIB.
981 318 1067 363 111.
1099 318 1164 375 11,
1196 317 1394 374 13-111‚
1426 317 1495 363 68.
1747 305 1846 358 151

137 440 267 506 ergo
298 438 397 491 ego
429 439 547 473 sum
577 420 770 474 dubius
802 421 965 482 vitae,
997 430 1055 474 tu
1086 419 1302 473 forsitan
1334 418 1451 472 istic
1882 435 1935 473 25

211 490 500 546 iucundum
531 491 696 543 nostri
726 492 902 544 nescia
932 501 1140 561 tempus
1173 491 1321 559 agis?

139 582 247 618 non
279 562 417 633 agis,
448 561 684 615 adfirmo,
757 563 921 631 liquet
952 561 1076 623 hoc,
1107 561 1402 624 carissima,
1433 560 1603 623 nobis,

212 642 418 704 tempus
450 632 537 702 agi
568 632 678 685 sine
711 651 795 686 me
825 651 930 685 non
961 633 1061 685 nisi
1093 632 1237 685 triste
1268 632 1380 685 tibi.

63 739 67 743 ·
139 705 188 759 si
217 714 391 758 tamen
421 703 658 773 implevit
689 722 807 756 mea
837 722 973 765 sors,
1004 722 1134 771 quos
1165 703 1370 764 debuit,
1402 720 1586 765 annOS,

213 784 265 829 et
295 773 422 827 mihi
452 774 664 827 vivendi
695 785 802 827 tam
834 774 936 828 cito
968 774 1084 826 finis
1116 774 1286 827 adest:
1536 803 1542 809 ·
1881 788 1937 827 30

67 886 72 892 .
138 854 398 917 quantum
428 855 563 907 erat,
595 863 626 897 o
658 845 861 914 magni,
892 845 1143 897 morituro
1175 862 1412 915 parcere,
1444 842 1570 907 divi,

60 923 62 926 ’
212 925 271 969 ut
300 915 486 970 saltem
515 915 684 986 patria
715 916 1104 969 contumularer
1134 914 1320 968 humol

138 987 226 1042 vel
255 1005 426 1057 poena
455 986 509 1040 in
539 996 746 1056 tempus
778 986 958 1040 mortis
990 986 1152 1039 dilata
1182 986 1383 1047 fuisset,

59 1119 74 1126 ,
213 1058 297 1111 vel
328 1058 679 1128 praecepisset
708 1076 848 1111 mors
879 1066 1159 1128 properata
1189 1057 1389 1126 fugam.

59 1145 62 1152 ’
138 1128 345 1198 integer
375 1128 511 1182 hanc
541 1128 688 1198 potui
717 1148 886 1198 nuper
917 1128 1050 1181 bene
1080 1127 1299 1182 reddere
1329 1127 1526 1180 lucem:
1881 1142 1937 1181 35

66 1254 70 1268 ,
214 1200 336 1253 exul
367 1209 425 1252 ut
455 1199 771 1262 occiderem,
803 1217 943 1252 nunc
974 1198 1101 1251 mih‘i
1131 1198 1239 1250 vita
1269 1198 1393 1249 data
1424 1207 1519 1251 est.

59 1287 81 1327 Γ
137 1279 251 1324 tam
280 1271 462 1340 procul
491 1270 684 1340 ignotis
715 1270 877 1340 igitur
905 1269 1190 1322 moriemur
1218 1267 1273 1320 in
1304 1268 1426 1330 oris,

213 1349 266 1395 et
294 1340 421 1394 fient
449 1341 564 1411 ipso
596 1340 762 1394 tristia
791 1341 901 1393 fata
930 1340 1079 1392 loco?

137 1430 240 1466 nec
270 1431 389 1465 mea
419 1421 669 1465 consueto
699 1412 1042 1481 languescent
1071 1427 1292 1478 corpora
1322 1408 1475 1471 lect0,

213 1482 277 1536 de
318 1482 508 1535 ositum
538 1500 636 1536 nec
667 1501 751 1536 me
782 1481 874 1550 qui
903 1482 1049 1543 fleat,
1080 1480 1219 1533 ullus
1250 1478 1378 1533 erit?
1881 1496 1939 1534 40

109 1613 111 1618 ,
139 1571 239 1607 nec
306 1553 512 1606 ominae
541 1552 769 1605 lacrimis
800 1552 853 1605 in
884 1563 1063 1605 nostra
1093 1549 1404 1604 cadentibus
1435 1567 1528 1603 ora

213 1623 463 1678 accedent
493 1623 697 1677 animae
728 1633 965 1693 tempora
995 1640 1160 1693 parva
1190 1621 1370 1675 meae?

140 1712 240 1748 nec
268 1695 518 1748 mandata
547 1694 709 1757 dabo,
741 1712 990 1747 neccum
1022 1693 1249 1746 clamore
1280 1709 1527 1762 supremo

212 1765 447 1819 labentes
478 1765 658 1819 oculos
689 1765 878 1819 condet
907 1764 1077 1817 amica
1107 1782 1311 1825 manus,
1614 1825 1622 1833 ·

137 1836 237 1890 sed
267 1836 377 1890 sine
408 1836 681 1890 funeribus
713 1846 870 1906 caput
901 1835 1023 1899 hoc,
1054 1835 1166 1888 sine
1197 1835 1393 1887 honore
1426 1832 1652 1904 sepulcri
1884 1851 1939 1888 45

213 1907 600 1978 indeploratum
630 1907 858 1959 barbara
887 1915 1025 1960 terra
1055 1907 1230 1975 teget?

139 1979 357 2048 ecquid,
388 1977 482 2032 ubi
511 1977 763 2041 audieris,
795 1987 905 2030 tota
934 1977 1214 2030 turbabere
1246 1984 1420 2030 mente

215 2058 268 2102 et
297 2048 452 2103 feries
482 2048 676 2120 pavida
705 2056 919 2118 pectora
947 2048 1054 2101 fida
1083 2066 1261 2110 manu,

138 2119 335 2189 ecquid
363 2120 418 2172 in
447 2119 542 2173 has
572 2119 768 2172 frustra
798 2119 1018 2172 tendens
1048 2127 1139 2171 tua
1168 2116 1416 2171 bracchia
1444 2126 1620 2187 partes

215 2190 468 2244 clamabis
498 2190 675 2244 miseri
704 2209 896 2244 nomen
925 2190 1080 2242 inane
1111 2188 1239 2242 viri?
1883 2203 1940 2242 50

143 2279 300 2333 parce
332 2271 510 2316 tamen
537 2256 769 2315 lacerare
799 2280 987 2330 gemm,
1018 2278 1116 2314 nec
1146 2258 1325 2313 scinde
1357 2258 1597 2328 capillos:

214 2351 322 2385 non
351 2332 448 2385 tibi
475 2350 616 2386 nunc
646 2332 898 2402 primum,
929 2332 1022 2384 lux
1051 2350 1194 2392 mea,
1225 2340 1407 2399 raptus
1439 2347 1546 2382 ero.

141 2421 268 2457 cum
296 2403 520 2474 patriam
551 2402 724 2465 amisi,
756 2413 883 2456 tunc
913 2421 997 2456 me
1028 2401 1245 2472 periisse
1276 2410 1484 2470 putato:

216 2483 268 2528 et
295 2474 437 2545 prior
467 2484 518 2528 et
546 2474 758 2544 gravior
787 2492 927 2527 mors
957 2473 1057 2526 fuit
1087 2472 1176 2525 illa
1206 2471 1351 2523 mihi.

6 2596 7 2599 ,
144 2563 302 2608 nunc,
335 2546 379 2599 si
401 2545 536 2599 forte
558 2554 725 2615 potes,
747 2575 819 2582 —
841 2544 935 2598 sed
957 2563 1063 2597 non
1084 2553 1251 2613 potes,
1283 2542 1482 2612 optima
1513 2542 1744 2594 coniunx
1768 2571 1839 2579 —-
1885 2559 1939 2596 55

0 2594 12 3019 j
216 2615 374 2670 finitis
404 2616 579 2686 gaude
610 2626 687 2669 tot
716 2615 844 2669 mihi
874 2625 1039 2668 morte
1070 2614 1237 2667 malis.

143 2686 291 2755 quod
319 2696 493 2757 poteS,
524 2696 753 2740 extenua
782 2687 907 2740 forti
935 2687 1076 2739 mala
1106 2685 1263 2739 corde
1294 2684 1530 2746 ferend0‚

219 2757 287 2810 ad
315 2775 452 2827 quae
482 2757 589 2810 iam
618 2757 823 2827 pridem
852 2775 958 2810 non
987 2757 1118 2810 rude
1148 2765 1333 2826 pectus
1363 2755 1544 2808 habeS.

144 2838 305 2897 atque
334 2829 537 2882 utinam
566 2838 783 2898 pereant
813 2827 1019 2880 animae
1049 2845 1172 2880 cum
1202 2844 1421 2896 corpore
1450 2836 1678 2887 nostrae,

220 2898 545 2970 effugiatque
576 2899 758 2951 avidos
788 2917 910 2968 pars
939 2897 1068 2950 mihi
1097 2897 1243 2949 nulla
1271 2895 1451 2965 rogos!
1889 2913 1944 2951 00

149 2987 272 3022 nam
303 2969 346 3022 si
376 2978 544 3022 morte
574 2987 758 3022 carens
788 2987 958 3023 vacua
986 2968 1130 3022 volat
1160 2968 1297 3020 altus
1327 2967 1382 3018 in
1411 2985 1541 3019 aura

221 3040 433 3111 spiritus
443 3080 458 3104 ,
489 3049 542 3094 et
573 3039 741 3094 Samii
772 3050 895 3092 sunt
923 3048 1038 3092 rata
1069 3038 1209 3092 dicta
1239 3037 1395 3099 seniS,

148 3110 285 3165 inter
315 3110 636 3166 Sarmaticas
665 3111 908 3164 Romana
937 3109 1219 3180 vagabitur
1248 3108 1463 3160 umbras

221 3200 418 3252 perque
448 3182 588 3236 feros
618 3182 811 3235 Manes
842 3181 1048 3251 hospita
1079 3198 1285 3250 semper
1315 3179 1427 3232 erit.

148 3270 273 3306 ossa
300 3261 477 3307 tamen
505 3253 663 3306 facito
694 3272 860 3323 parva
889 3252 1184 3306 referantur
1213 3251 1267 3302 in
1297 3269 1456 3302 urna:
1892 3266 1945 3304 65

225 3322 299 3376 sic
329 3342 429 3394 ego
458 3342 565 3377 non
595 3324 755 3377 etiam
784 3333 1023 3376 mortuus
1054 3322 1177 3376 exul
1208 3339 1297 3375 ero
1327 3350 1399 3358 ——

150 3410 260 3446 non
288 3403 431 3447 vetat
458 3394 559 3448 hoc
589 3395 890 3466 quisquam:
922 3394 1139 3447 fratrem
1169 3392 1429 3446 Thebana
1457 3400 1794 3462 peremptum

107 3482 113 3487 “
226 3465 500 3536 supposuit
530 3466 734 3519 tumulo
744 3505 758 3530 ,
789 3484 915 3536 rege
947 3474 1185 3528 vetante,
1220 3481 1365 3517 soror
1392 3492 1467 3502 —-
