2158 3906
535 355 849 403 TmsTmM
877 354 997 400 LIB.
1033 355 1117 402 1v.
1146 354 1209 412 x,
1240 355 1451 401 35-122.
1750 345 1845 405 181

140 479 249 516 11011
278 458 428 513 aliter
457 458 602 521 flevi,
634 475 795 526 quam
825 476 910 512 me
940 458 1157 512 fleturus
1189 458 1436 529 adempto

214 531 302 584 ille
331 528 447 583 fuit.
522 529 676 582 matri
706 529 948 599 proxima
976 529 1116 583 iusta
1144 529 1256 582 tuli.
1880 545 1942 584 80

141 601 322 658 felices
353 599 510 653 ambo
541 600 956 670 tempestiveque
988 600 1195 670 sepulti,

216 680 336 725 ante
367 670 505 725 diem
536 689 739 741 poenae
768 671 913 740 quod
942 672 1143 741 periere
1174 670 1348 725 meael

140 762 226 798 me
257 759 467 812 quoque
496 741 729 804 felicem,
761 741 904 810 quod
933 760 1038 794 non
1068 742 1368 796 viventibus
1396 742 1498 796 illis

40 867 42 869 ,
214 832 331 867 sum
361 812 543 875 miser,
575 821 628 867 et
659 813 723 866 de
753 832 838 866 me
869 813 1013 882 quod
1044 812 1256 867 doluere
1286 812 1434 866 nihil.

59 913 61 919 ⁴
141 884 187 939 si
215 893 390 938 tamen
422 883 664 938 extinctis
697 883 897 953 aliquid
925 883 1026 936 nisi
1055 884 1270 937 nomina
1298 892 1476 947 restat,
1880 900 1938 940 85

49 965 54 1028 ζ
212 964 263 1009 et
292 954 504 1026 gracilis
535 964 760 1008 structos
789 954 979 1025 effugit
1008 955 1198 1007 umbra
1227 972 1408 1025 rogos:

48 1044 55 1055 ·
138 1025 306 1089 fama,
338 1027 657 1097 parentales,
692 1026 736 1079 si
765 1043 858 1079 vos
890 1045 1009 1079 mea
1039 1026 1280 1097 contigit,
1311 1026 1549 1090 umbrae,

7 1156 9 1171 i
50 1100 66 1172 J
212 1107 264 1151 et
293 1107 415 1150 sunt
444 1096 500 1150 in
531 1095 722 1168 Stygio
753 1097 971 1151 crimina
999 1106 1179 1150 nostra
1207 1096 1348 1150 foro:

62 1171 63 1174 ’
142 1167 294 1231 scite,
325 1185 535 1238 precor,
567 1186 782 1221 causam
810 1198 883 1206 —
910 1186 1009 1222 nec
1040 1185 1132 1221 vos
1162 1167 1291 1220 mihi
1319 1167 1502 1221 fallere
1532 1166 1612 1220 fas
1645 1177 1723 1220 est
1754 1197 1824 1205 —

51 1246 59 1305 ⁸,
211 1256 441 1293 errorem
471 1238 668 1301 iussae,
699 1257 805 1292 non
835 1238 1032 1301 scelus,
1062 1256 1177 1292 esse
1206 1238 1385 1308 fugae.
1881 1255 1939 1294 90

52 1318 57 1326 ”
140 1308 398 1364 Manibus
428 1309 530 1363 hoc
562 1309 686 1363 satis
718 1319 811 1364 est.
886 1309 954 1362 ad
983 1326 1104 1371 vos,
1136 1308 1395 1371 studiosa,
1426 1317 1675 1369 revertor,

10 1450 11 1453 Ἴ
53 1442 62 1452 ..
209 1389 447 1452 pectora,
478 1380 571 1450 qui
600 1380 738 1434 vitae
769 1379 1018 1449 quaeritis
1050 1387 1167 1431 acta
1196 1397 1362 1433 meae.

10 1511 11 1519 ἵ
51 1492 54 1493 ⁷
137 1449 244 1505 iam
275 1450 403 1504 mihi
434 1450 650 1506 canities
679 1450 846 1521 pulsis
877 1449 1181 1504 melioribus
1212 1448 1362 1502 annis
1428 1470 1438 1478 “

211 1531 450 1586 venerat,
482 1522 725 1591 antiquas
755 1521 1143 1589 miscueratque
1173 1537 1370 1583 comas,

10 1595 12 1602 '
54 1618 59 1623 ·*
137 1602 361 1663 postque
391 1609 538 1646 meos
569 1600 714 1646 ortus
744 1591 940 1645 Pisaea
969 1591 1177 1645 vinctus
1207 1590 1348 1644 oliva
1881 1606 1935 1646 95

209 1662 497 1717 abstulerat
527 1662 701 1717 decies
731 1663 968 1734 praemia
997 1662 1166 1715 victor
1195 1679 1381 1731 equus,

139 1750 261 1789 cum
290 1734 448 1788 maris
478 1732 678 1788 Euxini
708 1734 906 1804 positos
937 1733 1006 1787 ad
1035 1734 1187 1788 laeva
1215 1733 1455 1787 Tomitas

11 1852 14 1866 ‚
209 1822 460 1874 quaerere
490 1823 575 1859 me
605 1805 734 1859 laesi
763 1804 1014 1876 principis
1044 1805 1122 1858 ira
1150 1804 1314 1858 iubet.

54 1879 55 1882 ’
137 1893 299 1930 causa
327 1894 476 1930 meae
507 1876 709 1930 cunctis
738 1876 961 1929 nimium
992 1893 1206 1945 quoque
1236 1885 1362 1929 nota
1392 1874 1576 1929 ruinae
1650 1916 1653 1920 Δ

207 1946 401 2001 indicio
431 1965 538 2001 non
569 1957 648 2002 est
677 1947 1006 2001 testificanda
1037 1965 1173 2001 meo.
1883 1962 1965 2002 100

137 2017 266 2088 quid
295 2017 522 2073 referam
553 2018 909 2087 comitumque
938 2018 1088 2072 nefas
1120 2017 1455 2087 famulosque
1485 2017 1769 2071 nocentes?

206 2088 322 2172 ipsa
350 2089 519 2143 multa
548 2089 644 2142 tuli
673 2107 779 2142 11011
807 2089 1006 2143 leviora
1035 2089 1182 2160 fuga.

62 2211 72 2230 ‚
135 2157 411 2231 ind1gnata
439 2160 592 2213 malis
623 2178 771 2214 mens
802 2170 881 2214 est
909 2160 1255 2214 succumbere
1286 2177 1448 2229 seque

55 2275 63 2295 ,Ἰ
244 2230 465 2285 raestitit
494 2230 746 2284 invictam
775 2231 975 2284 viribus
1005 2250 1103 2284 usa
1133 2230 1257 2284 suis.

129 2249 434 2371 'oblitusque
463 2301 568 2356 mei
599 2301 894 2371 ductaeque
923 2320 1019 2372 per
1049 2301 1156 2355 otia
1184 2302 1324 2355 vitae
1882 2318 1963 2357 105

206 2372 417 2426 insolita
445 2373 560 2444 cepi
592 2374 842 2443 temporis
873 2391 1020 2425 arma
1048 2392 1210 2425 manu
1555 2383 1562 2386 “

136 2450 316 2512 totque
346 2444 443 2497 tuli
473 2447 625 2498 casus
656 2444 952 2515 pelagoque
983 2453 1249 2512 terraque,
1281 2452 1410 2512 quot
1439 2443 1574 2496 inter

207 2515 472 2570 occultum
501 2515 682 2569 stellae
714 2515 1163 2585 conspicuumque
1192 2514 1391 2585 polum.

137 2593 276 2639 tacta
304 2585 432 2639 mihi
461 2587 675 2641 tandem
703 2586 876 2656 longis
908 2586 1171 2639 erroribus
1205 2595 1323 2639 acto

205 2656 383 2710 iuncta
412 2656 725 2728 pharetratis
758 2656 1015 2710 Sarmatis
1047 2675 1140 2710 ora
1171 2655 1342 2711 Getis.
1880 2674 1963 2712 110

46 2729 50 2733 ’
134 2725 220 2781 1110
250 2745 350 2798 ego
379 2727 614 2781 finitimis
643 2728 886 2796 quamvis
917 2729 1272 2781 circumsoner
1301 2727 1476 2790 armis,

206 2797 396 2861 tristia,
427 2816 533 2867 quo
562 2816 803 2869 possum,
835 2799 1065 2852 carmine
1094 2799 1206 2851 fata
1234 2799 1369 2852 lev0.

135 2868 278 2936 quod
307 2869 548 2938 quamvis
577 2887 734 2923 nemo
765 2878 843 2923 est
872 2869 1021 2922 cuius
1051 2870 1311 2922 referatur
1341 2869 1408 2921 ad
1439 2887 1610 2931 aures,

206 2939 280 2992 sic
310 2950 488 2993 tamen
518 2939 740 2993 absumo
772 2939 1083 3009 decipioque
1115 2939 1271 2992 diem.

136 3027 261 3080 ergo
293 3010 437 3080 quod
464 3010 588 3064 vivo
617 3010 866 3079 durisque
897 3010 1166 3063 laboribus
1196 3010 1364 3071 obst0,
1878 3028 1959 3067 115

205 3098 304 3135 nec
334 3100 419 3135 me
451 3081 702 3136 sollicitae
732 3081 908 3135 taedia
934 3081 1067 3134 lucis
1098 3080 1311 3142 habent,

135 3151 330 3222 gratia,
359 3152 546 3217 Musa,
577 3152 688 3206 tibi.
762 3171 885 3205 nam
915 3160 973 3205 tu
1003 3152 1197 3205 solacia
1226 3151 1467 3221 praebeS,

206 3231 266 3275 tu
295 3241 453 3278 curae
481 3223 716 3293 requies,
748 3232 806 3276 tu
835 3223 1097 3276 medicina
1126 3223 1291 3277 venis,

137 3300 197 3346 tu
226 3292 335 3347 dux
365 3303 416 3348 et
446 3313 621 3349 comes
653 3313 735 3357 es,
765 3304 824 3347 tu
852 3312 949 3347 nos
981 3294 1202 3347 abducis
1231 3294 1299 3346 ab
1329 3292 1514 3346 Histro

207 3363 262 3416 in
290 3365 570 3435 medioque
598 3365 729 3419 mihi
758 3365 853 3420 das
883 3365 1142 3419 Helicone
1169 3365 1362 3418 locum.
1879 3383 1959 3421 120

138 3441 197 3488 tu
225 3434 378 3498 mihi,
408 3436 551 3506 quod
578 3455 758 3491 rarum
788 3446 890 3499 est,
918 3437 1041 3489 vivo
1072 3436 1295 3489 sublime
1327 3434 1517 3488 dedisti

73 3547 79 3553 .
209 3523 424 3569 nomen,
457 3507 523 3560 ab
553 3507 788 3577 exequiis
819 3508 963 3577 quod
993 3507 1117 3562 dare
1147 3507 1292 3567 fama
1321 3506 1469 3559 solet.
