2158 3906
364 291 468 344 192
921 297 975 339 P.
1011 295 1218 341 OVIDII
1247 294 1518 340 NASONIS
1563 343 1567 347 ,

369 422 466 457 nec
496 412 697 463 tamen,
730 408 788 451 ut
816 397 1023 459 lauder,
1054 397 1216 466 vigilo
1248 414 1533 465 curamque
1562 395 1728 449 futuri

442 472 693 532 nominis,
723 469 903 521 utilius
934 468 1077 536 quod
1106 467 1367 528 latuisset,
1400 486 1525 537 ago:

373 544 582 597 detineo
614 540 798 593 studiis
830 538 1065 591 animum
1094 538 1328 606 falloque
1359 538 1581 600 dolores,

285 635 341 672 40
446 612 687 682 experior
718 610 856 663 curis
888 618 940 662 et
971 609 1096 662 dare
1125 609 1288 663 verba
1317 609 1465 662 meis.

371 684 498 753 quid
529 682 704 752 potius
735 680 928 733 faciam
959 680 1178 733 desertis
1209 680 1350 732 solus
1381 680 1437 732 in
1466 680 1587 743 oris,

441 771 668 822 quamve
699 751 851 803 malis
882 750 1040 803 aliam
1070 768 1323 820 quaerere
1354 768 1512 804 coner
1541 752 1728 821 opem?

373 825 482 878 sive
513 825 690 876 locum
721 830 926 892 specto:
958 822 1104 874 locus
1136 830 1216 875 est
1244 821 1567 884 inamabiliS,
1599 831 1651 876 et
1681 840 1787 891 quo

443 913 557 948 esse
587 893 718 945 nihil
748 902 858 946 toto
889 892 1088 945 tristius
1119 892 1246 945 orbe
1277 901 1471 962 potest3

286 985 341 1024 45
373 966 484 1019 sive
513 964 776 1018 homines:
809 963 900 1015 vix
931 972 1053 1016 sunt
1082 963 1322 1016 homines
1352 962 1453 1016 hoc
1482 963 1694 1015 nomine
1726 962 1890 1033 digni,

444 1053 710 1106 quamque
740 1034 879 1104 lupi,
911 1052 1099 1087 saevae
1129 1035 1249 1104 plus
1279 1033 1500 1087 feritatis
1531 1033 1743 1086 habent.

371 1127 478 1162 non
507 1115 751 1160 metuunt
781 1106 953 1175 legeS,
986 1105 1079 1158 sed
1110 1105 1249 1159 cedit
1277 1105 1477 1158 viribus
1509 1122 1753 1174 aequum,

446 1179 690 1247 victaque
720 1177 952 1247 pugnaci
981 1177 1098 1229 iura
1127 1177 1226 1229 sub
1256 1195 1381 1229 ense
1410 1175 1598 1229 iacent.

370 1249 600 1321 pellibus
632 1257 685 1302 et
712 1248 848 1301 laxis
879 1257 1060 1301 arcent
1090 1248 1231 1300 mala
1259 1247 1458 1317 frigora
1487 1246 1677 1310 bracis,

287 1339 343 1378 50
447 1338 643 1389 oraque
675 1328 797 1372 sunt
827 1319 915 1372 lon
957 1319 1000 1371 is
1032 1319 1245 1372 horrida
1274 1327 1414 1372 tecta
1443 1318 1620 1386 comis.

374 1392 429 1444 in
461 1391 642 1461 paucis
675 1399 856 1444 extant
945 1408 1130 1443 raecae
1162 1389 1386 1459 vestigia
1414 1389 1644 1459 linguae,

447 1463 580 1515 haec
611 1479 822 1530 quoque
853 1461 959 1513 iam
992 1459 1182 1515 Getico
1215 1462 1440 1514 barbara
1468 1461 1610 1513 facta
1641 1477 1787 1512 sono·

375 1552 514 1586 unus
544 1533 599 1584 in
631 1533 731 1584 hoc
761 1532 957 1601 populo
988 1550 1095 1584 non
1126 1541 1205 1585 est
1236 1532 1328 1600 qui
1357 1531 1493 1585 forte
1523 1530 1716 1583 Latine

448 1603 714 1673 quaelibet
744 1621 772 1655 e
803 1603 976 1655 medio
1006 1603 1227 1656 reddere
1257 1602 1420 1655 verba
1450 1612 1625 1670 queat.

289 1694 344 1734 55
376 1675 464 1728 ille
496 1692 595 1744 ego
627 1674 899 1727 Romanus
931 1682 1077 1726 vates
1108 1673 1412 1743 (ignoscite,
1443 1671 1686 1741 Musael)

450 1744 744 1798 Sarmatico
776 1762 937 1814 cogor
966 1744 1192 1814 plurima
1220 1762 1366 1797 more
1396 1743 1558 1812 loqui.

377 1835 443 1870 en
472 1816 638 1885 pudet
668 1824 720 1868 et
749 1815 941 1868 fateor:
973 1816 1080 1867 iam
1110 1814 1455 1867 desuetudine
1477 1815 1644 1884 'longa

445 1888 535 1939 vix
566 1886 795 1939 subeunt
824 1885 926 1955 ipsi
955 1886 1120 1938 verba
1150 1885 1347 1938 Latina
1375 1884 1522 1936 mihi.

374 1976 473 2011 nec
505 1957 711 2019 dubito,
743 1957 871 2024 quin
904 1956 1006 2008 sint
1036 1965 1087 2009 et
1117 1956 1171 2008 in
1201 1955 1302 2009 hoc
1331 1974 1439 2009 non
1468 1973 1639 2025 pauca
1668 1955 1843 2007 libello

288 2046 345 2086 60
447 2029 696 2080 barbara:
728 2045 834 2079 non
864 2027 1091 2080 hominis
1123 2027 1304 2098 culpa,
1337 2026 1430 2080 sed
1460 2026 1561 2079 ista
1590 2026 1708 2078 loci.

375 2118 442 2152 ne
474 2108 652 2152 tamen
684 2098 959 2151 Ausoniae
988 2098 1209 2168 perdam
1240 2098 1555 2151 commercia
1583 2097 1815 2167 linguae,

450 2179 501 2223 et
530 2170 623 2222 fiat
653 2169 822 2239 patrio
854 2187 958 2221 vox
988 2188 1108 2223 mea
1137 2178 1286 2222 muta
1315 2187 1460 2231 son0,

374 2241 488 2311 ipse
518 2242 705 2309 loquor
734 2258 944 2293 mecum
975 2240 1298 2309 desuetaque
1328 2240 1492 2294 verba
1520 2248 1744 2301 retracto

446 2322 497 2365 et
528 2311 688 2365 studii
717 2320 898 2381 repeto
930 2310 1082 2381 signa
1112 2311 1321 2364 sinistra
1349 2311 1470 2364 mei.

292 2399 346 2439 65
381 2383 455 2436 sic
486 2383 720 2452 animum
750 2391 1064 2452 tempusque
1094 2382 1244 2435 traho
1275 2399 1466 2451 meque
1496 2381 1609 2450 ipse
1639 2380 1852 2444 redu00‚

447 2473 479 2506 a
509 2454 867 2523 contemplatu
896 2453 1292 2522 submoveoque
1323 2453 1463 2504 mali.

377 2525 696 2578 carminibus
727 2542 924 2592 quaero
955 2523 1266 2577 miserarum
1296 2523 1492 2576 oblivia
1520 2541 1719 2574 rerum:

446 2595 681 2665 praemia
712 2594 756 2646 si
788 2594 960 2647 studio
993 2612 1286 2663 consequor
1314 2593 1439 2657 ista,
1472 2602 1553 2646 sat
1583 2602 1677 2646 est.

1150 2707 1308 2762 VIII.

375 2808 500 2861 Non
530 2807 662 2860 adeo
694 2807 884 2869 cecidi,
915 2807 1157 2875 quamvis
1188 2806 1448 2870 abiectus,
1480 2814 1538 2858 ut
1568 2805 1707 2858 infra

444 2888 498 2932 te
528 2896 740 2947 quoque
772 2879 893 2941 sim,
924 2878 1144 2932 inferius
1173 2895 1280 2947 quo
1310 2877 1440 2930 nihil
1470 2895 1583 2930 esse
1612 2885 1800 2946 potest.

374 2967 509 3019 quae
539 2950 636 3002 tibi
664 2968 748 3002 res
779 2949 982 3002 animos
1011 2950 1067 3002 in
1097 2968 1181 3003 me
1211 2948 1361 3011 facit,
1391 2948 1661 3019 improbe?
1693 2965 1852 3000 curve

446 3020 654 3074 casibus
684 3020 906 3073 insultas
916 3059 931 3083 ,
961 3037 1093 3089 quos
1124 3029 1274 3091 potes
1304 3019 1417 3089 ipse
1448 3018 1589 3089 pati?

316 3108 342 3147 5
374 3110 472 3146 nec
502 3092 643 3144 mala
672 3100 725 3144 te
753 3091 982 3145 reddunt
1012 3092 1193 3145 mitem
1221 3091 1594 3161 placidumque
1624 3086 1817 3141 iacenti

443 3171 646 3224 nostra,
678 3162 868 3231 quibus
900 3163 1104 3232 possint
1131 3162 1461 3214 inlacrimare
1490 3159 1666 3213 ferae?

372 3251 472 3286 nec
502 3232 691 3286 metuis
723 3233 884 3285 dubio
914 3233 1182 3286 Fortunae
1213 3231 1398 3284 stantis
1427 3230 1484 3283 in
1513 3230 1639 3283 orbe

443 3321 642 3356 numen
672 3311 725 3356 et
755 3320 946 3357 exosae
977 3303 1140 3356 verba
1170 3302 1398 3372 superba
1428 3301 1589 3354 deae?

374 3374 573 3444 exiget,
606 3372 660 3426 a!
694 3373 881 3443 dignas
911 3373 1071 3426 ultrix
1101 3372 1430 3426 Rhamnusia
1459 3390 1675 3441 poenas,

291 3462 343 3501 10
443 3443 690 3514 imposito
721 3445 892 3497 calcas
924 3444 1067 3514 quod
1096 3462 1216 3519 mea
1245 3443 1354 3496 fata
1383 3442 1536 3513 pede.
