2158 3906
356 284 461 338 104
608 277 613 282 ’
904 293 961 337 Ρ.
995 292 1202 339 ov1D11
1230 292 1503 341 ΝΑ8οΝ18

429 408 504 459 te,
537 398 659 458 dea3
690 412 787 448 1180
817 394 994 446 fueras
1025 393 1326 463 aspicienda
1355 395 1483 447 vim.

247 488 326 526 255
360 469 452 521 sed
483 486 618 548 quae
648 465 937 518 nescieram
966 482 1298 547 quorumque
1329 484 1503 518 errore
1533 466 1772 530 tenebar,

432 537 642 606 cognita
672 544 818 597 sunt,
847 535 993 587 nullo
1023 535 1402 604 plaecipiente,
1432 536 1576 588 mihi.

361 583 527 661 denaa
527 615 713 674 quater
742 615 1036 658 memorant
1064 605 1311 659 habuisse
1340 607 1540 659 Parilia
1568 607 1816 670 Romam,

432 697 553 730 cum
582 678 826 728 flammae
858 685 1034 729 custos
1065 677 1195 729 aede
1224 687 1436 747 recepta
1467 678 1566 731 dea
1596 689 1697 731 est·

358 750 496 818 regis
529 766 661 828 opus
691 746 908 828 placidi,
940 765 1045 815 quo
1075 766 1182 800 non
1211 749 1530 801 metuentius
1559 749 1729 801 ullum

247 839 328 877 260
430 818 658 870 numinis
689 817 962 887 ingenium
991 826 1129 870 terra
1162 818 1362 871 Sabina
1392 820 1527 871 tulit.

360 907 495 957 quae
525 907 666 940 nunc
697 907 816 941 aere
846 889 1018 970 vides,
1050 889 1242 958 stipula
1271 898 1382 941 tum
1415 899 1554 942 tecta
1583 889 1808 954 videreS,

431 969 482 1012 et
511 960 682 1028 paries
712 959 855 1011 lento
886 959 1082 1012 vimine
1110 969 1287 1012 textus
1318 969 1445 1013 erat.

359 1031 444 1082 hic
474 1031 619 1082 locus
652 1030 900 1099 exiguus,
931 1030 1023 1098 qui
1055 1031 1275 1084 sustinet
1305 1031 1437 1083 atria
1464 1031 1680 1094 Vestae,

431 1111 556 1154 tunc
588 1110 697 1154 erat
726 1101 920 1153 intonsi
949 1101 1097 1171 regia
1126 1121 1322 1171 magna
1350 1101 1576 1155 Numae.

247 1191 327 1231 265
361 1172 530 1224 forma
560 1181 737 1225 tamen
767 1172 972 1241 templi,
1005 1190 1142 1240 quae
1172 1191 1314 1225 nunc
1344 1182 1547 1235 manet,
1579 1182 1700 1225 ante
1730 1172 1893 1226 fuisse

433 1243 637 1295 dicitur.
713 1252 765 1295 et
794 1242 995 1296 formae
1026 1262 1186 1299 causa
1215 1244 1490 1313 probanda
1519 1244 1715 1296 subest.

360 1314 528 1367 Vesta
559 1314 769 1377 eadem,
802 1332 938 1381 quae
970 1314 1158 1366 Terra:
1193 1315 1374 1367 subest
1402 1314 1531 1384 vigil
1561 1315 1699 1384 ignis
1731 1313 1961 1382 utrique.

431 1384 728 1454 significant
760 1385 938 1437 sedem
968 1394 1107 1438 terra
1136 1385 1393 1454 focusque
1425 1404 1591 1437 suam.

360 1464 499 1508 terra
528 1455 666 1525 pilae
698 1456 904 1517 similis,
935 1457 1079 1508 nullo
1111 1456 1381 1510 fulcimine
1411 1457 1558 1509 nixa:

248 1545 330 1584 270
434 1531 553 1579 aere
586 1527 820 1579 subiecto
850 1535 959 1578 tam
989 1546 1151 1596 grave
1181 1527 1376 1596 pendet
1406 1545 1554 1579 011118.

360 1596 476 1666 ipsa
506 1597 805 1649 volubilitas
835 1598 1082 1649 libratum
1115 1598 1335 1651 sustinet
1365 1598 1570 1650 orbem:

433 1668 629 1735 quique
659 1677 864 1737 premat
893 1677 1094 1736 partes,
1126 1670 1352 1737 angulus
1383 1670 1550 1720 omnis
1582 1669 1749 1722 abest.

362 1757 587 1807 cumque
620 1737 685 1790 sit
713 1739 768 1790 in
798 1738 972 1791 media
1002 1753 1176 1792 rerum
1207 1739 1421 1808 regione
1451 1740 1622 1791 locata

433 1818 485 1861 et
514 1818 699 1878 tangat
727 1810 931 1861 nullum
962 1811 1148 1878 plusve
1180 1811 1419 1862 minusve
1450 1810 1604 1871 latus,

247 1899 327 1937 275
360 1879 414 1931 ni
446 1898 682 1932 convexa
711 1880 869 1942 foret,
901 1880 1037 1949 parti
1067 1880 1286 1932 vicinior
1316 1890 1470 1942 esset,

431 1969 529 2003 nec
558 1950 793 2003 medium
823 1960 1015 2003 terram
1045 1951 1276 2003 mundus
1304 1951 1523 2004 haberet
1554 1970 1706 2004 onus.

361 2030 470 2075 arte
503 2020 785 2090 Syracosia
815 2040 1101 2090 suspensus
1131 2022 1186 2074 in
1217 2026 1337 2075 aere
1369 2023 1547 2075 cla-uso

432 2101 534 2144 stat
563 2092 825 2162 globus,
810 2093 1055 2145 immensi
1084 2112 1250 2162 parva
1278 2094 1451 2162 figura
1479 2093 1610 2175 poli:

304 2186 309 2191 ·
361 2171 412 2215 et
442 2171 700 2231 quantum
732 2182 763 2215 a
794 2164 1035 2227 summis,
1068 2173 1273 2216 tantum
1304 2165 1519 2217 secessit
1549 2164 1659 2216 ab
1645 2164 1764 2217 111118

247 2252 329 2292 280
431 2243 586 2287 terra.
661 2234 804 2303 quod
833 2243 893 2287 ut
921 2235 1037 2296 fiat,
1068 2235 1239 2288 forma
1267 2235 1494 2287 rotunda
1523 2225 1665 2287 facit.

359 2323 455 2373 par
486 2305 647 2357 facies
678 2305 883 2374 templi:
915 2306 1092 2357 nullus
1122 2306 1381 2374 procurrit
1409 2307 1464 2358 in
1493 2306 1582 2357 illo

433 2376 675 2444 angulus.
751 2395 782 2427 a
811 2376 990 2445 pluvio
1022 2376 1253 2428 vindicat
1281 2377 1449 2429 imbre
1479 2376 1669 2429 tholus.

363 2465 455 2498 cur
486 2446 552 2498 sit
582 2446 900 2528 virginibus,
932 2447 1166 2513 quaeris,
1199 2446 1299 2499 dea
1329 2447 1470 2499 culta
1498 2447 1782 2499 ministris?

230 2570 248 2588 ·
432 2516 698 2569 inveniam
729 2535 914 2569 causas
945 2518 1045 2570 hac
1076 2535 1287 2586 quoque
1317 2527 1466 2587 parte
1498 2537 1636 2570 suas.

249 2605 328 2644 285
363 2607 428 2640 ex
461 2585 583 2656 Ope
612 2588 871 2640 Iunonem
901 2598 1193 2641 memorant
1226 2586 1581 2656 Cereremque
1613 2599 1815 2641 creatas

435 2659 632 2711 semine
665 2657 905 2720 Saturni3
939 2658 1092 2711 tertia
1125 2659 1292 2712 Vesta
1321 2659 1438 2711 fuit.

361 2738 584 2797 utraque
614 2739 930 2798 nupserunt,
961 2730 1148 2783 ambae
1178 2731 1443 2799 peperisse
1474 2730 1737 2783 feruntur:

434 2800 499 2852 de
530 2799 696 2851 tribus
727 2800 1006 2869 impatiens
1036 2801 1224 2853 restitit
1253 2820 1361 2853 una
1390 2801 1503 2853 viri.

302 2874 305 2876 ’
362 2871 490 2939 quid
519 2871 734 2934 mirum,
766 2871 916 2941 virgo
949 2872 992 2923 si
1022 2871 1225 2941 virgine
1255 2872 1394 2924 laeta
1424 2872 1662 2924 ministra

247 2959 330 2999 290
432 2941 658 2994 admittit
689 2950 858 2994 castas
890 2943 959 2994 ad
988 2961 1084 2994 sua
1114 2961 1263 2995 sacra
1292 2943 1513 2995 manus?

360 3031 458 3065 nec
489 3021 547 3064 tu
577 3013 721 3065 aliud
751 3013 998 3075 Vestam,
1029 3032 1188 3081 quam
1219 3013 1395 3066 vivam
1426 3014 1671 3083 intellege
1702 3015 1998 3068 flammamz

431 3092 660 3150 nataque
692 3083 757 3136 de
786 3084 1000 3136 flamma
1030 3102 1250 3153 corpora
1279 3085 1424 3136 nulla
1453 3085 1616 3136 vides,

361 3154 474 3206 iure
504 3154 665 3222 igitur
695 3154 844 3223 virgo
876 3163 976 3216 est,
1009 3172 1145 3221 quae
1177 3155 1377 3206 semina
1406 3155 1551 3206 nulla
1581 3154 1795 3207 remittit

432 3242 530 3277 nec
561 3224 723 3293 capit:
756 3234 807 3276 et
837 3224 1051 3276 comites
1083 3224 1394 3293 virginitatis
1425 3224 1600 3276 habet.

250 3313 330 3351 295
364 3313 477 3348 esse
510 3294 599 3346 diu
630 3295 818 3346 stultus
849 3295 1045 3347 Vestae
1075 3294 1354 3347 simulacra
1382 3296 1588 3364 putavi:

434 3383 559 3417 mox
590 3364 749 3417 didici
780 3382 940 3416 curvo
971 3365 1115 3417 nulla
1146 3365 1361 3418 subesse
1392 3365 1551 3417 tholo.

361 3436 499 3506 ignis
530 3435 846 3489 inextinctus
877 3435 1072 3505 templo
1104 3436 1302 3489 celatur
1331 3436 1385 3488 in
1415 3436 1519 3488 illo.
