2158 3906
663 384 668 389 ·
703 358 1150 410 HALIEUTIOON
1178 358 1334 406 1—79.

163 465 302 520 elato
332 463 535 518 calamo
566 481 688 518 cum
719 463 933 519 demum
962 481 1197 518 emersus
1225 462 1282 517 in
1310 479 1467 516 auras

163 533 412 590 bracchia
441 534 680 588 dissolvit
708 535 1125 606 populatumque
1154 533 1338 606 expuit
1366 533 1600 587 hamum.

165 614 218 661 at
249 604 418 677 mugil
447 604 618 660 cauda
646 606 965 676 pendentem
995 605 1271 660 everberat
1300 622 1496 668 escam,

165 694 550 746 excussamque
578 676 724 748 legit.
795 677 954 748 lupus
984 677 1093 731 acri
1122 676 1359 730 concitus
1388 675 1468 729 ira

166 748 407 802 discursu
436 747 604 802 fertur
631 747 778 802 vario
806 748 1103 817 fluctusque
1132 747 1361 802 ferentes

202 818 499 888 rosequitur
527 828 847 888 quassatque
878 829 1062 890 caput,
1094 819 1223 872 dum
1251 818 1469 872 vulnere
1500 834 1691 873 saevus

164 838 342 944 faxato
373 888 528 943 cadat
555 889 745 944 hamus
775 898 828 944 et
858 907 952 944 ora
980 889 1215 960 patentia
1242 889 1463 958 linquat.

165 979 264 1015 nec
331 960 533 1032 roprias
564 961 701 1015 vires
731 961 899 1015 nescit
927 978 1148 1015 murena
1177 960 1403 1015 nocendi

167 1031 290 1086 auxi
311 1031 527 1102 iumque
557 1031 663 1095 sui,
692 1050 871 1085 morsu
900 1049 1000 1087 nec
1029 1031 1323 1086 comminus
1354 1031 1463 1085 acri

166 1102 343 1157 deficit
371 1111 465 1156 aut
494 1102 696 1157 animos
725 1103 874 1174 ponit
903 1102 1112 1174 captiva
1140 1102 1359 1156 minacis
1377 1141 1390 1155 .
1412 1141 1425 1155 .
1445 1141 1458 1155 .
1477 1141 1489 1156 .

166 1173 371 1227 anthias
400 1173 506 1238 his,
537 1183 687 1257 tergo
718 1191 855 1244 quae
883 1192 991 1228 non
1020 1173 1187 1237 videt,
1218 1171 1383 1227 utitur
1414 1172 1589 1236 armis,

165 1245 274 1299 vim
305 1243 487 1316 spinae
516 1254 767 1314 novltque
799 1263 925 1299 suae
955 1262 1214 1314 versoque
1246 1263 1307 1297 su
1347 1244 1466 1297 inus

167 1334 256 1370 cor
294 1334 383 1370 ore
412 1315 521 1370 lina
551 1325 693 1371 secat
721 1316 993 1385 fixumque
1022 1315 1286 1398 intercipit
1354 1332 1552 1367 amum.

291 1396 457 1451 etera,
488 1404 624 1457 quae
655 1386 844 1441 densas
875 1386 1114 1439 habitant
1145 1386 1390 1439 animalia
1421 1385 1598 1448 silvas,

167 1466 258 1512 aut
289 1457 413 1512 vani
442 1457 686 1528 quatiunt
714 1475 921 1528 semper
948 1455 1222 1528 lymphata
1251 1457 1483 1518 timores,

168 1537 259 1583 aut
288 1527 448 1582 trahit
474 1528 530 1582 in
558 1546 811 1599 praeceps
840 1545 948 1581 non
978 1546 1108 1581 sana
1137 1526 1336 1581 ferocia
1365 1526 1574 1580 mentis.

167 1601 282 1671 ipsa
311 1598 460 1669 quati
488 1607 678 1653 natura
704 1607 884 1653 monet
913 1598 997 1653 vel
1029 1598 1322 1652 comminus
1352 1597 1445 1651 ire.

166 1670 392 1742 impiger
421 1687 543 1725 ecce
573 1670 656 1725 leo
685 1678 973 1724 venantum
1004 1678 1236 1724 sternere
1265 1668 1440 1740 pergit

168 1741 382 1813 agmina
411 1749 464 1796 et
493 1740 727 1796 adversis
757 1740 916 1795 infert
946 1759 1043 1795 sua
1072 1750 1287 1812 pectora
1315 1740 1459 1794 telis:

168 1830 378 1884 quoque
407 1812 552 1867 venit
580 1811 749 1866 fidens
779 1812 950 1883 magis
981 1821 1034 1866 et
1063 1811 1319 1866 sublatior
1349 1810 1499 1864 ardet

168 1883 537 1952 concussitque
566 1892 708 1937 toros
739 1892 792 1937 et
822 1883 1022 1937 viribus
1053 1882 1255 1936 addidit
1284 1882 1434 1944 iram,

167 1954 393 2026 procidit
423 1964 580 2024 atque
611 1971 706 2007 suo
736 1963 983 2024 properat
1012 1954 1112 2006 sibi
1141 1953 1330 2007 robore
1359 1953 1543 2006 letum.

167 2025 356 2080 foedus
386 2024 622 2079 Lucanis
651 2025 979 2096 provolvitur
1007 2043 1162 2078 ursus
1194 2024 1262 2077 ab
1292 2023 1472 2085 antris,

168 2097 296 2167 quid
326 2095 427 2149 nisi
454 2096 663 2167 pondus
692 2095 832 2150 iners
863 2095 1189 2164 stolidaeque
1218 2094 1417 2149 ferocia
1446 2092 1670 2148 mentis?

169 2179 317 2222 actus
348 2186 476 2238 aper
504 2167 661 2221 saetis
690 2167 824 2220 iram
854 2166 1128 2220 denuntiat
1157 2166 1306 2220 hirtis

169 2250 221 2294 et
250 2238 354 2292 ruit
384 2238 612 2309 oppositi
641 2237 812 2293 nitens
842 2238 898 2291 in
928 2238 1149 2292 vulnera
1177 2237 1320 2301 ferri,

169 2329 381 2382 pressus
413 2318 464 2363 et
494 2309 685 2363 emisso
714 2309 935 2362 moritur
963 2328 1058 2380 per
1086 2308 1291 2363 viscera
1319 2309 1440 2362 telo·

170 2383 334 2436 altera
363 2399 485 2464 pars
515 2380 684 2434 fidens
712 2380 938 2451 pedibus
970 2380 1060 2434 dat
1089 2389 1239 2451 terga
1270 2378 1525 2449 sequenti,

81 2454 85 2459 '
169 2462 228 2507 ut
256 2451 435 2523 pavidi
462 2451 669 2522 lepores
679 2490 694 2515 ,
725 2460 784 2504 ut
813 2451 959 2504 fulvo
989 2460 1197 2521 tergore
1228 2451 1471 2504 dammae

170 2533 223 2578 et
253 2532 406 2594 capto
436 2522 647 2594 fugiens
679 2541 866 2577 cervus
897 2523 1008 2576 sine
1038 2523 1142 2576 fine
1172 2522 1375 2575 timore.

170 2594 256 2648 hic
285 2612 574 2665 generosus
603 2592 770 2647 honos
802 2603 854 2648 et
882 2594 1052 2664 gloria
1081 2593 1249 2647 maior
1279 2610 1560 2662 equorum:

170 2685 294 2718 nam
324 2664 538 2735 capiunt
567 2664 754 2718 animis
783 2665 1014 2748 palmam
1044 2665 1383 2735 gaudentque
1414 2662 1698 2734 triumpho,

172 2756 266 2791 seu
297 2745 496 2806 septem
527 2735 709 2806 spatiis
741 2733 899 2789 Circo
930 2754 1169 2790 meruere
1199 2753 1464 2796 coronam,

40 2847 43 2850 -
170 2826 345 2861 nonne
376 2806 547 2869 videa,
577 2806 744 2859 victor
774 2816 972 2875 quanto
1003 2806 1280 2859 sublimius
1310 2807 1475 2859 altum

172 2879 376 2932 attollat
406 2886 566 2948 caput
596 2886 649 2930 et
677 2876 827 2946 vulgi
855 2896 911 2930 se
941 2875 1176 2931 venditet
1203 2877 1397 2930 aurae?

173 2950 379 3004 celsave
411 2965 531 3001 cum
563 2966 716 3002 caeso
748 2948 1062 3001 decorantur
1091 2960 1242 3017 terga
1268 2948 1438 3009 leone,

172 3039 334 3091 quam
364 3018 599 3072 tumidus
630 3027 934 3088 quantoque
963 3018 1108 3072 venit
1139 3018 1439 3088 spectabilis
1470 3026 1609 3080 actu,

174 3091 564 3162 compescitque
595 3089 764 3143 solum
793 3108 1050 3160 generoso
1081 3089 1287 3143 concita
1315 3089 1474 3160 pulsu

173 3163 375 3234 ungula
405 3162 504 3215 sub
535 3161 714 3231 spoliis
743 3162 974 3232 graviter
1001 3160 1269 3215 redeuntis
1299 3159 1511 3230 opimis!

174 3252 312 3302 quae
341 3234 456 3287 laus
487 3233 658 3303 prima
688 3251 904 3296 canum,
936 3232 1129 3302 quibus
1161 3241 1240 3285 est
1271 3230 1493 3285 audacia
1521 3248 1775 3301 praeceps

175 3304 509 3374 venandique
539 3323 704 3375 saga-x
735 3304 900 3358 virtus
931 3303 1178 3372 viresque
1208 3302 1485 3372 sequendi:

176 3393 314 3444 quae
344 3392 486 3429 nunc
516 3375 666 3430 elatis
695 3375 954 3430 rimantur
981 3374 1198 3428 naribus
1229 3393 1428 3436 auram,

178 3456 231 3499 et
260 3465 402 3499 nunc
433 3445 660 3500 demisso
691 3455 954 3516 quaerunt
981 3445 1208 3517 vestigia
1237 3455 1423 3508 rostr0,

180 3526 234 3571 et
263 3517 494 3588 produnt
523 3518 750 3572 clamore
780 3519 948 3573 feram
981 3516 1359 3586 dominumque
1389 3515 1630 3571 vocando

1527 3598 1612 3641 19*

1768 346 1879 402 291

1903 759 1968 801 40

1906 1114 1968 1155 4⁵

1910 1469 1969 1509 50

1911 1823 1969 1863 55

1909 2180 1969 2221 60

1910 2536 1968 2575 65

1913 2894 1971 2932 70

1913 3247 1970 3286 75
