<?xml version="1.0" encoding="UTF-8"?>
<!DOCTYPE html PUBLIC "-//W3C//DTD XHTML 1.0 Transitional//EN"
    "http://www.w3.org/TR/xhtml1/DTD/xhtml1-transitional.dtd">
<html xmlns="http://www.w3.org/1999/xhtml" xml:lang="en" lang="en">
 <head>
  <title>
</title>
<meta http-equiv="Content-Type" content="text/html;charset=utf-8" />
  <meta name='ocr-system' content='tesseract 3.04.00' />
  <meta name='ocr-capabilities' content='ocr_page ocr_carea ocr_par ocr_line ocrx_word'/>
</head>
<body>
  <div class='ocr_page' id='page_1' title='image "./carminaov03oviduoft_0126.png"; bbox 0 0 2158 3906; ppageno 0'>
   <div class='ocr_carea' id='block_1_1' title="bbox 328 268 1473 322">
    <p class='ocr_par' dir='ltr' id='par_1_1' title="bbox 328 268 1473 322">
     <span class='ocr_line' id='line_1_1' title="bbox 328 268 1473 322; baseline 0 0"><span class='ocrx_word' id='word_1_1' title='bbox 328 268 397 322; x_wconf 86' lang='lat'>88</span> <span class='ocrx_word' id='word_1_2' title='bbox 875 278 930 320; x_wconf 89' lang='lat' dir='ltr'>P.</span> <span class='ocrx_word' id='word_1_3' title='bbox 966 276 1172 322; x_wconf 86' lang='lat' dir='ltr'>oV1D11</span> <span class='ocrx_word' id='word_1_4' title='bbox 1202 275 1473 322; x_wconf 78' lang='lat' dir='ltr'>NASONis</span> 
     </span>
    </p>
   </div>
   <div class='ocr_carea' id='block_1_2' title="bbox 215 377 1983 3475">
    <p class='ocr_par' dir='ltr' id='par_1_2' title="bbox 215 377 1983 3475">
     <span class='ocr_line' id='line_1_2' title="bbox 332 377 1821 449; baseline -0.001 -17"><span class='ocrx_word' id='word_1_5' title='bbox 332 380 459 449; x_wconf 90' lang='lat' dir='ltr'>quid</span> <span class='ocrx_word' id='word_1_6' title='bbox 490 380 742 440; x_wconf 88' lang='lat' dir='ltr'>facerem,</span> <span class='ocrx_word' id='word_1_7' title='bbox 774 397 868 447; x_wconf 91' lang='lat' dir='ltr'>per</span> <span class='ocrx_word' id='word_1_8' title='bbox 898 377 1039 445; x_wconf 88' lang='lat' dir='ltr'>quod</span> <span class='ocrx_word' id='word_1_9' title='bbox 1070 377 1250 429; x_wconf 88' lang='lat' dir='ltr'>fierem</span> <span class='ocrx_word' id='word_1_10' title='bbox 1281 377 1559 430; x_wconf 87' lang='lat' dir='ltr'>manifesta</span> <span class='ocrx_word' id='word_1_11' title='bbox 1590 379 1821 431; x_wconf 77' lang='lat' dir='ltr'>doloris?</span> 
     </span>
     <span class='ocr_line' id='line_1_3' title="bbox 230 447 1554 519; baseline -0.002 -15"><span class='ocrx_word' id='word_1_12' title='bbox 230 501 232 504; x_wconf 79' lang='grc'>,</span> <span class='ocrx_word' id='word_1_13' title='bbox 403 450 667 519; x_wconf 82' lang='lat' dir='ltr'>exigerem</span> <span class='ocrx_word' id='word_1_14' title='bbox 699 458 907 501; x_wconf 86' lang='lat' dir='ltr'>nostrae</span> <span class='ocrx_word' id='word_1_15' title='bbox 938 448 1115 516; x_wconf 89' lang='lat' dir='ltr'>qualia</span> <span class='ocrx_word' id='word_1_16' title='bbox 1145 447 1339 500; x_wconf 86' lang='lat' dir='ltr'>damna</span> <span class='ocrx_word' id='word_1_17' title='bbox 1367 450 1554 501; x_wconf 84' lang='lat' dir='ltr'>notae?</span> 
     </span>
     <span class='ocr_line' id='line_1_4' title="bbox 217 518 1566 579; baseline -0.006 0"><span class='ocrx_word' id='word_1_18' title='bbox 217 540 297 579; x_wconf 83' lang='lat'>315</span> <span class='ocrx_word' id='word_1_19' title='bbox 332 521 525 574; x_wconf 82' lang='lat' dir='ltr'>excidit</span> <span class='ocrx_word' id='word_1_20' title='bbox 556 520 790 572; x_wconf 91' lang='lat' dir='ltr'>officium</span> <span class='ocrx_word' id='word_1_21' title='bbox 820 518 955 570; x_wconf 89' lang='lat' dir='ltr'>tristi</span> <span class='ocrx_word' id='word_1_22' title='bbox 984 518 1128 570; x_wconf 90' lang='lat' dir='ltr'>mihi.</span> <span class='ocrx_word' id='word_1_23' title='bbox 1202 520 1349 571; x_wconf 90' lang='lat' dir='ltr'>nulla</span> <span class='ocrx_word' id='word_1_24' title='bbox 1379 519 1566 571; x_wconf 84' lang='lat' dir='ltr'>tuebar</span> 
     </span>
     <span class='ocr_line' id='line_1_5' title="bbox 402 588 1545 658; baseline 0 -16"><span class='ocrx_word' id='word_1_25' title='bbox 402 610 549 652; x_wconf 90' lang='lat' dir='ltr'>rura,</span> <span class='ocrx_word' id='word_1_26' title='bbox 580 608 677 642; x_wconf 91' lang='lat' dir='ltr'>nec</span> <span class='ocrx_word' id='word_1_27' title='bbox 707 589 760 641; x_wconf 90' lang='lat' dir='ltr'>in</span> <span class='ocrx_word' id='word_1_28' title='bbox 790 588 959 658; x_wconf 91' lang='lat' dir='ltr'>pretio</span> <span class='ocrx_word' id='word_1_29' title='bbox 989 589 1172 641; x_wconf 88' lang='lat' dir='ltr'>fertilis</span> <span class='ocrx_word' id='word_1_30' title='bbox 1204 589 1385 642; x_wconf 88' lang='lat' dir='ltr'>hortus</span> <span class='ocrx_word' id='word_1_31' title='bbox 1417 600 1545 653; x_wconf 89' lang='lat' dir='ltr'>erat,</span> 
     </span>
     <span class='ocr_line' id='line_1_6' title="bbox 329 659 1425 722; baseline 0 -9"><span class='ocrx_word' id='word_1_32' title='bbox 329 662 437 714; x_wconf 90' lang='lat' dir='ltr'>lilia</span> <span class='ocrx_word' id='word_1_33' title='bbox 469 661 795 722; x_wconf 84' lang='lat' dir='ltr'>deciderant,</span> <span class='ocrx_word' id='word_1_34' title='bbox 828 659 993 712; x_wconf 91' lang='lat' dir='ltr'>violas</span> <span class='ocrx_word' id='word_1_35' title='bbox 1025 679 1171 712; x_wconf 90' lang='lat' dir='ltr'>arere</span> <span class='ocrx_word' id='word_1_36' title='bbox 1201 661 1425 722; x_wconf 78' lang='lat' dir='ltr'>videreS,</span> 
     </span>
     <span class='ocr_line' id='line_1_7' title="bbox 400 730 1472 800; baseline 0 -17"><span class='ocrx_word' id='word_1_37' title='bbox 400 732 590 798; x_wconf 88' lang='lat' dir='ltr'>filaque</span> <span class='ocrx_word' id='word_1_38' title='bbox 622 730 833 799; x_wconf 81' lang='lat' dir='ltr'>punicei</span> <span class='ocrx_word' id='word_1_39' title='bbox 861 730 1115 800; x_wconf 88' lang='lat' dir='ltr'>languida</span> <span class='ocrx_word' id='word_1_40' title='bbox 1145 730 1287 783; x_wconf 90' lang='lat' dir='ltr'>facta</span> <span class='ocrx_word' id='word_1_41' title='bbox 1317 731 1472 784; x_wconf 88' lang='lat' dir='ltr'>croci.</span> 
     </span>
     <span class='ocr_line' id='line_1_8' title="bbox 330 801 1681 872; baseline 0.001 -19"><span class='ocrx_word' id='word_1_42' title='bbox 330 821 484 870; x_wconf 82' lang='lat' dir='ltr'>saepe</span> <span class='ocrx_word' id='word_1_43' title='bbox 515 802 643 852; x_wconf 88' lang='lat' dir='ltr'>mihi</span> <span class='ocrx_word' id='word_1_44' title='bbox 675 801 953 869; x_wconf 79' lang='lat' dir='ltr'>Zephyrus</span> <span class='ocrx_word' id='word_1_45' title='bbox 986 802 1174 854; x_wconf 83' lang='lat' dir='ltr'>“dotes</span> <span class='ocrx_word' id='word_1_46' title='bbox 1207 820 1543 872; x_wconf 87' lang='lat' dir='ltr'>corrumpere</span> <span class='ocrx_word' id='word_1_47' title='bbox 1572 803 1681 855; x_wconf 90' lang='lat' dir='ltr'>noli</span> 
     </span>
     <span class='ocr_line' id='line_1_9' title="bbox 215 871 1486 941; baseline 0.002 -18"><span class='ocrx_word' id='word_1_48' title='bbox 215 893 298 932; x_wconf 83' lang='lat'>320</span> <span class='ocrx_word' id='word_1_49' title='bbox 399 873 515 941; x_wconf 88' lang='lat' dir='ltr'>ipsa</span> <span class='ocrx_word' id='word_1_50' title='bbox 545 871 703 923; x_wconf 86' lang='lat' dir='ltr'>tuas”</span> <span class='ocrx_word' id='word_1_51' title='bbox 738 872 893 924; x_wconf 83' lang='lat' dir='ltr'>dixit:</span> <span class='ocrx_word' id='word_1_52' title='bbox 927 872 1020 924; x_wconf 80' lang='lat' dir='ltr'>dos</span> <span class='ocrx_word' id='word_1_53' title='bbox 1052 871 1181 924; x_wconf 90' lang='lat' dir='ltr'>mihi</span> <span class='ocrx_word' id='word_1_54' title='bbox 1211 872 1328 924; x_wconf 89' lang='lat' dir='ltr'>vilis</span> <span class='ocrx_word' id='word_1_55' title='bbox 1360 882 1486 925; x_wconf 86' lang='lat' dir='ltr'>erat.</span> 
     </span>
     <span class='ocr_line' id='line_1_10' title="bbox 329 942 1495 1013; baseline 0 -18"><span class='ocrx_word' id='word_1_56' title='bbox 329 942 586 995; x_wconf 85' lang='lat' dir='ltr'>florebant</span> <span class='ocrx_word' id='word_1_57' title='bbox 617 942 785 996; x_wconf 85' lang='lat' dir='ltr'>oleae:</span> <span class='ocrx_word' id='word_1_58' title='bbox 818 942 963 995; x_wconf 83' lang='lat' dir='ltr'>venti</span> <span class='ocrx_word' id='word_1_59' title='bbox 991 961 1218 996; x_wconf 85' lang='lat' dir='ltr'>nocuere</span> <span class='ocrx_word' id='word_1_60' title='bbox 1247 944 1495 1013; x_wconf 86' lang='lat' dir='ltr'>protervi.</span> 
     </span>
     <span class='ocr_line' id='line_1_11' title="bbox 399 1013 1580 1084; baseline 0.001 -19"><span class='ocrx_word' id='word_1_61' title='bbox 399 1013 656 1066; x_wconf 89' lang='lat' dir='ltr'>florebant</span> <span class='ocrx_word' id='word_1_62' title='bbox 687 1022 916 1083; x_wconf 79' lang='lat' dir='ltr'>segetes:</span> <span class='ocrx_word' id='word_1_63' title='bbox 948 1014 1205 1083; x_wconf 85' lang='lat' dir='ltr'>grandine</span> <span class='ocrx_word' id='word_1_64' title='bbox 1234 1015 1379 1068; x_wconf 89' lang='lat' dir='ltr'>laesa</span> <span class='ocrx_word' id='word_1_65' title='bbox 1411 1033 1580 1084; x_wconf 76' lang='lat' dir='ltr'>seges,</span> 
     </span>
     <span class='ocr_line' id='line_1_12' title="bbox 327 1084 1684 1154; baseline 0.001 -18"><span class='ocrx_word' id='word_1_66' title='bbox 327 1084 381 1136; x_wconf 91' lang='lat' dir='ltr'>in</span> <span class='ocrx_word' id='word_1_67' title='bbox 414 1103 505 1153; x_wconf 89' lang='lat' dir='ltr'>spe</span> <span class='ocrx_word' id='word_1_68' title='bbox 536 1084 656 1136; x_wconf 87' lang='lat' dir='ltr'>vitis</span> <span class='ocrx_word' id='word_1_69' title='bbox 688 1094 823 1138; x_wconf 90' lang='lat' dir='ltr'>erat:</span> <span class='ocrx_word' id='word_1_70' title='bbox 857 1086 1060 1137; x_wconf 89' lang='lat' dir='ltr'>caelum</span> <span class='ocrx_word' id='word_1_71' title='bbox 1090 1085 1342 1154; x_wconf 81' lang='lat' dir='ltr'>nigrescit</span> <span class='ocrx_word' id='word_1_72' title='bbox 1373 1085 1440 1138; x_wconf 92' lang='lat' dir='ltr'>ab</span> <span class='ocrx_word' id='word_1_73' title='bbox 1472 1084 1684 1149; x_wconf 78' lang='lat' dir='ltr'>austriS,</span> 
     </span>
     <span class='ocr_line' id='line_1_13' title="bbox 301 1155 1452 1224; baseline 0.002 -18"><span class='ocrx_word' id='word_1_74' title='bbox 301 1212 303 1214; x_wconf 7' lang='grc'><strong>3</strong></span> <span class='ocrx_word' id='word_1_75' title='bbox 400 1167 450 1207; x_wconf 85' lang='lat' dir='ltr'>et</span> <span class='ocrx_word' id='word_1_76' title='bbox 481 1155 656 1207; x_wconf 89' lang='lat' dir='ltr'>subita</span> <span class='ocrx_word' id='word_1_77' title='bbox 686 1156 898 1208; x_wconf 88' lang='lat' dir='ltr'>frondes</span> <span class='ocrx_word' id='word_1_78' title='bbox 932 1156 1268 1209; x_wconf 89' lang='lat' dir='ltr'>decutiuntur</span> <span class='ocrx_word' id='word_1_79' title='bbox 1298 1174 1452 1224; x_wconf 89' lang='lat' dir='ltr'>aqua.</span> 
     </span>
     <span class='ocr_line' id='line_1_14' title="bbox 215 1226 1486 1286; baseline 0.002 -9"><span class='ocrx_word' id='word_1_80' title='bbox 215 1247 296 1286; x_wconf 83' lang='lat'>325</span> <span class='ocrx_word' id='word_1_81' title='bbox 328 1244 425 1279; x_wconf 92' lang='lat' dir='ltr'>nec</span> <span class='ocrx_word' id='word_1_82' title='bbox 457 1226 740 1283; x_wconf 83' lang='lat' dir='ltr'>voluifieri</span> <span class='ocrx_word' id='word_1_83' title='bbox 770 1245 868 1279; x_wconf 92' lang='lat' dir='ltr'>nec</span> <span class='ocrx_word' id='word_1_84' title='bbox 899 1246 1016 1279; x_wconf 89' lang='lat' dir='ltr'>sum</span> <span class='ocrx_word' id='word_1_85' title='bbox 1047 1227 1272 1280; x_wconf 89' lang='lat' dir='ltr'>crudelis</span> <span class='ocrx_word' id='word_1_86' title='bbox 1301 1227 1357 1279; x_wconf 88' lang='lat' dir='ltr'>in</span> <span class='ocrx_word' id='word_1_87' title='bbox 1386 1228 1486 1280; x_wconf 88' lang='lat' dir='ltr'>ira:</span> 
     </span>
     <span class='ocr_line' id='line_1_15' title="bbox 404 1298 1449 1367; baseline 0.002 -19"><span class='ocrx_word' id='word_1_88' title='bbox 404 1316 529 1349; x_wconf 87' lang='lat' dir='ltr'>cura</span> <span class='ocrx_word' id='word_1_89' title='bbox 558 1298 846 1367; x_wconf 91' lang='lat' dir='ltr'>repellendi</span> <span class='ocrx_word' id='word_1_90' title='bbox 877 1299 970 1350; x_wconf 87' lang='lat' dir='ltr'>sed</span> <span class='ocrx_word' id='word_1_91' title='bbox 1000 1298 1128 1349; x_wconf 91' lang='lat' dir='ltr'>mihi</span> <span class='ocrx_word' id='word_1_92' title='bbox 1157 1298 1303 1350; x_wconf 87' lang='lat' dir='ltr'>nulla</span> <span class='ocrx_word' id='word_1_93' title='bbox 1332 1298 1449 1350; x_wconf 85' lang='lat' dir='ltr'>fuit.</span> 
     </span>
     <span class='ocr_line' id='line_1_16' title="bbox 331 1369 1629 1438; baseline 0.001 -19"><span class='ocrx_word' id='word_1_94' title='bbox 331 1386 622 1420; x_wconf 87' lang='lat' dir='ltr'>convenere</span> <span class='ocrx_word' id='word_1_95' title='bbox 653 1378 853 1438; x_wconf 90' lang='lat' dir='ltr'>patres,</span> <span class='ocrx_word' id='word_1_96' title='bbox 885 1378 960 1431; x_wconf 88' lang='lat' dir='ltr'>et,</span> <span class='ocrx_word' id='word_1_97' title='bbox 993 1369 1035 1420; x_wconf 89' lang='lat' dir='ltr'>si</span> <span class='ocrx_word' id='word_1_98' title='bbox 1066 1369 1199 1422; x_wconf 90' lang='lat' dir='ltr'>bene</span> <span class='ocrx_word' id='word_1_99' title='bbox 1229 1369 1412 1422; x_wconf 87' lang='lat' dir='ltr'>floreat</span> <span class='ocrx_word' id='word_1_100' title='bbox 1443 1388 1629 1430; x_wconf 87' lang='lat' dir='ltr'>annus,</span> 
     </span>
     <span class='ocr_line' id='line_1_17' title="bbox 401 1438 1539 1493; baseline 0.002 -4"><span class='ocrx_word' id='word_1_101' title='bbox 401 1438 705 1491; x_wconf 84' lang='lat' dir='ltr'>numinibus</span> <span class='ocrx_word' id='word_1_102' title='bbox 735 1440 926 1492; x_wconf 85' lang='lat' dir='ltr'>nostris</span> <span class='ocrx_word' id='word_1_103' title='bbox 958 1459 1134 1492; x_wconf 90' lang='lat' dir='ltr'>annua</span> <span class='ocrx_word' id='word_1_104' title='bbox 1164 1440 1300 1493; x_wconf 88' lang='lat' dir='ltr'>festa</span> <span class='ocrx_word' id='word_1_105' title='bbox 1329 1450 1539 1492; x_wconf 87' lang='lat' dir='ltr'>vovent.</span> 
     </span>
     <span class='ocr_line' id='line_1_18' title="bbox 302 1510 1619 1567; baseline 0.002 -7"><span class='ocrx_word' id='word_1_106' title='bbox 302 1564 304 1567; x_wconf 57' lang='grc'>,</span> <span class='ocrx_word' id='word_1_107' title='bbox 331 1510 610 1562; x_wconf 87' lang='lat' dir='ltr'>adnuimus</span> <span class='ocrx_word' id='word_1_108' title='bbox 642 1520 782 1562; x_wconf 73' lang='lat' dir='ltr'>voto·</span> <span class='ocrx_word' id='word_1_109' title='bbox 857 1512 1039 1563; x_wconf 92' lang='lat' dir='ltr'>consul</span> <span class='ocrx_word' id='word_1_110' title='bbox 1071 1530 1191 1563; x_wconf 91' lang='lat' dir='ltr'>cum</span> <span class='ocrx_word' id='word_1_111' title='bbox 1222 1511 1436 1564; x_wconf 88' lang='lat' dir='ltr'>consule</span> <span class='ocrx_word' id='word_1_112' title='bbox 1466 1510 1619 1563; x_wconf 89' lang='lat' dir='ltr'>ludos</span> 
     </span>
     <span class='ocr_line' id='line_1_19' title="bbox 216 1580 1441 1652; baseline 0.001 -20"><span class='ocrx_word' id='word_1_113' title='bbox 216 1600 299 1640; x_wconf 86' lang='lat'>330</span> <span class='ocrx_word' id='word_1_114' title='bbox 400 1580 677 1652; x_wconf 90' lang='lat' dir='ltr'>Postumio</span> <span class='ocrx_word' id='word_1_115' title='bbox 708 1581 920 1634; x_wconf 86' lang='lat' dir='ltr'>Laenas</span> <span class='ocrx_word' id='word_1_116' title='bbox 951 1582 1250 1651; x_wconf 91' lang='lat' dir='ltr'>persoluere</span> <span class='ocrx_word' id='word_1_117' title='bbox 1280 1581 1441 1633; x_wconf 89' lang='lat' dir='ltr'>mihi.&#39;</span> 
     </span>
     <span class='ocr_line' id='line_1_20' title="bbox 330 1652 1505 1720; baseline 0.002 -18"><span class='ocrx_word' id='word_1_118' title='bbox 330 1669 581 1718; x_wconf 85' lang='lat' dir='ltr'>quaerere</span> <span class='ocrx_word' id='word_1_119' title='bbox 613 1653 866 1713; x_wconf 90' lang='lat' dir='ltr'>conabar,</span> <span class='ocrx_word' id='word_1_120' title='bbox 898 1670 1061 1720; x_wconf 89' lang='lat' dir='ltr'>quare</span> <span class='ocrx_word' id='word_1_121' title='bbox 1091 1653 1308 1705; x_wconf 90' lang='lat' dir='ltr'>lascivia</span> <span class='ocrx_word' id='word_1_122' title='bbox 1338 1652 1505 1704; x_wconf 88' lang='lat' dir='ltr'>maior</span> 
     </span>
     <span class='ocr_line' id='line_1_21' title="bbox 401 1722 1451 1791; baseline 0.003 -19"><span class='ocrx_word' id='word_1_123' title='bbox 401 1722 481 1773; x_wconf 91' lang='lat' dir='ltr'>his</span> <span class='ocrx_word' id='word_1_124' title='bbox 514 1723 649 1775; x_wconf 89' lang='lat' dir='ltr'>foret</span> <span class='ocrx_word' id='word_1_125' title='bbox 679 1723 734 1774; x_wconf 92' lang='lat' dir='ltr'>in</span> <span class='ocrx_word' id='word_1_126' title='bbox 763 1724 900 1774; x_wconf 90' lang='lat' dir='ltr'>ludis</span> <span class='ocrx_word' id='word_1_127' title='bbox 932 1723 1248 1791; x_wconf 89' lang='lat' dir='ltr'>liberiorque</span> <span class='ocrx_word' id='word_1_128' title='bbox 1279 1724 1426 1775; x_wconf 88' lang='lat' dir='ltr'>iocus</span> <span class='ocrx_word' id='word_1_129' title='bbox 1437 1743 1451 1785; x_wconf 85' lang='lat'><em>3</em></span> 
     </span>
     <span class='ocr_line' id='line_1_22' title="bbox 331 1793 1696 1856; baseline 0 -12"><span class='ocrx_word' id='word_1_130' title='bbox 331 1793 423 1845; x_wconf 87' lang='lat' dir='ltr'>sed</span> <span class='ocrx_word' id='word_1_131' title='bbox 455 1793 582 1844; x_wconf 88' lang='lat' dir='ltr'>mihi</span> <span class='ocrx_word' id='word_1_132' title='bbox 613 1794 890 1856; x_wconf 86' lang='lat' dir='ltr'>succurrit,</span> <span class='ocrx_word' id='word_1_133' title='bbox 922 1813 1118 1846; x_wconf 90' lang='lat' dir='ltr'>numen</span> <span class='ocrx_word' id='word_1_134' title='bbox 1149 1813 1255 1845; x_wconf 93' lang='lat' dir='ltr'>non</span> <span class='ocrx_word' id='word_1_135' title='bbox 1287 1813 1401 1846; x_wconf 89' lang='lat' dir='ltr'>esse</span> <span class='ocrx_word' id='word_1_136' title='bbox 1433 1812 1696 1856; x_wconf 89' lang='lat' dir='ltr'>severum,</span> 
     </span>
     <span class='ocr_line' id='line_1_23' title="bbox 301 1864 1478 1933; baseline 0 -18"><span class='ocrx_word' id='word_1_137' title='bbox 301 1916 306 1921; x_wconf 70' lang='grc'>,</span> <span class='ocrx_word' id='word_1_138' title='bbox 403 1874 629 1933; x_wconf 83' lang='lat' dir='ltr'>aptaque</span> <span class='ocrx_word' id='word_1_139' title='bbox 661 1864 858 1916; x_wconf 88' lang='lat' dir='ltr'>deliciis</span> <span class='ocrx_word' id='word_1_140' title='bbox 891 1884 1109 1917; x_wconf 90' lang='lat' dir='ltr'>munera</span> <span class='ocrx_word' id='word_1_141' title='bbox 1139 1864 1276 1917; x_wconf 85' lang='lat' dir='ltr'>ferre</span> <span class='ocrx_word' id='word_1_142' title='bbox 1307 1865 1478 1918; x_wconf 86' lang='lat' dir='ltr'>deam.</span> 
     </span>
     <span class='ocr_line' id='line_1_24' title="bbox 215 1935 1566 2005; baseline 0.002 -20"><span class='ocrx_word' id='word_1_143' title='bbox 215 1953 297 1992; x_wconf 81' lang='lat'>335</span> <span class='ocrx_word' id='word_1_144' title='bbox 331 1943 569 2004; x_wconf 86' lang='lat' dir='ltr'>tempora</span> <span class='ocrx_word' id='word_1_145' title='bbox 600 1935 842 1987; x_wconf 84' lang='lat' dir='ltr'>sutilibus</span> <span class='ocrx_word' id='word_1_146' title='bbox 874 1936 1157 2004; x_wconf 89' lang='lat' dir='ltr'>cinguntur</span> <span class='ocrx_word' id='word_1_147' title='bbox 1186 1945 1312 2005; x_wconf 92' lang='lat' dir='ltr'>pota</span> <span class='ocrx_word' id='word_1_148' title='bbox 1343 1935 1566 1998; x_wconf 92' lang='lat' dir='ltr'>coronis,</span> 
     </span>
     <span class='ocr_line' id='line_1_25' title="bbox 402 2005 1515 2075; baseline 0.003 -19"><span class='ocrx_word' id='word_1_149' title='bbox 402 2016 453 2057; x_wconf 91' lang='lat' dir='ltr'>et</span> <span class='ocrx_word' id='word_1_150' title='bbox 482 2006 609 2057; x_wconf 90' lang='lat' dir='ltr'>latet</span> <span class='ocrx_word' id='word_1_151' title='bbox 639 2005 830 2058; x_wconf 91' lang='lat' dir='ltr'>iniecta</span> <span class='ocrx_word' id='word_1_152' title='bbox 861 2007 1136 2075; x_wconf 88' lang='lat' dir='ltr'>splendida</span> <span class='ocrx_word' id='word_1_153' title='bbox 1165 2025 1349 2059; x_wconf 88' lang='lat' dir='ltr'>mensa</span> <span class='ocrx_word' id='word_1_154' title='bbox 1378 2025 1515 2059; x_wconf 88' lang='lat' dir='ltr'>rosa.</span> 
     </span>
     <span class='ocr_line' id='line_1_26' title="bbox 332 2075 1503 2147; baseline 0.003 -20"><span class='ocrx_word' id='word_1_155' title='bbox 332 2075 507 2127; x_wconf 89' lang='lat' dir='ltr'>ebrius</span> <span class='ocrx_word' id='word_1_156' title='bbox 538 2076 777 2129; x_wconf 84' lang='lat' dir='ltr'>incinctis</span> <span class='ocrx_word' id='word_1_157' title='bbox 808 2077 1016 2146; x_wconf 87' lang='lat' dir='ltr'>philyra</span> <span class='ocrx_word' id='word_1_158' title='bbox 1048 2078 1271 2130; x_wconf 88' lang='lat' dir='ltr'>conviva</span> <span class='ocrx_word' id='word_1_159' title='bbox 1301 2078 1503 2147; x_wconf 85' lang='lat' dir='ltr'>capillis</span> 
     </span>
     <span class='ocr_line' id='line_1_27' title="bbox 403 2147 1493 2217; baseline 0.003 -19"><span class='ocrx_word' id='word_1_160' title='bbox 403 2148 557 2199; x_wconf 86' lang='lat' dir='ltr'>saltat</span> <span class='ocrx_word' id='word_1_161' title='bbox 589 2156 639 2199; x_wconf 79' lang='lat' dir='ltr'>et</span> <span class='ocrx_word' id='word_1_162' title='bbox 669 2147 973 2217; x_wconf 89' lang='lat' dir='ltr'>imprudens</span> <span class='ocrx_word' id='word_1_163' title='bbox 1004 2149 1169 2201; x_wconf 89' lang='lat' dir='ltr'>utitur</span> <span class='ocrx_word' id='word_1_164' title='bbox 1198 2158 1309 2201; x_wconf 91' lang='lat' dir='ltr'>arte</span> <span class='ocrx_word' id='word_1_165' title='bbox 1338 2149 1468 2201; x_wconf 91' lang='lat' dir='ltr'>meri</span> <span class='ocrx_word' id='word_1_166' title='bbox 1479 2169 1493 2211; x_wconf 85' lang='lat'>3</span> 
     </span>
     <span class='ocr_line' id='line_1_28' title="bbox 300 2217 1542 2275; baseline 0.003 -7"><span class='ocrx_word' id='word_1_167' title='bbox 300 2250 306 2275; x_wconf 73' lang='lat' dir='ltr'><em>s</em></span> <span class='ocrx_word' id='word_1_168' title='bbox 332 2217 507 2269; x_wconf 88' lang='lat' dir='ltr'>ebrius</span> <span class='ocrx_word' id='word_1_169' title='bbox 540 2219 608 2270; x_wconf 91' lang='lat' dir='ltr'>ad</span> <span class='ocrx_word' id='word_1_170' title='bbox 639 2218 828 2271; x_wconf 91' lang='lat' dir='ltr'>durum</span> <span class='ocrx_word' id='word_1_171' title='bbox 859 2219 1120 2272; x_wconf 88' lang='lat' dir='ltr'>formosae</span> <span class='ocrx_word' id='word_1_172' title='bbox 1149 2219 1310 2272; x_wconf 89' lang='lat' dir='ltr'>limen</span> <span class='ocrx_word' id='word_1_173' title='bbox 1341 2220 1542 2273; x_wconf 85' lang='lat' dir='ltr'>amicae</span> 
     </span>
     <span class='ocr_line' id='line_1_29' title="bbox 218 2289 1658 2351; baseline 0 -8"><span class='ocrx_word' id='word_1_174' title='bbox 218 2305 300 2344; x_wconf 82' lang='lat'>340</span> <span class='ocrx_word' id='word_1_175' title='bbox 404 2298 601 2351; x_wconf 86' lang='lat' dir='ltr'>cantat,</span> <span class='ocrx_word' id='word_1_176' title='bbox 635 2289 831 2342; x_wconf 86' lang='lat' dir='ltr'>habent</span> <span class='ocrx_word' id='word_1_177' title='bbox 861 2299 1050 2343; x_wconf 90' lang='lat' dir='ltr'>unctae</span> <span class='ocrx_word' id='word_1_178' title='bbox 1081 2291 1259 2342; x_wconf 91' lang='lat' dir='ltr'>mollia</span> <span class='ocrx_word' id='word_1_179' title='bbox 1289 2301 1428 2343; x_wconf 91' lang='lat' dir='ltr'>serta</span> <span class='ocrx_word' id='word_1_180' title='bbox 1458 2308 1658 2344; x_wconf 88' lang='lat' dir='ltr'>comae.</span> 
     </span>
     <span class='ocr_line' id='line_1_30' title="bbox 331 2359 1494 2430; baseline 0.003 -20"><span class='ocrx_word' id='word_1_181' title='bbox 331 2359 476 2410; x_wconf 88' lang='lat' dir='ltr'>nulla</span> <span class='ocrx_word' id='word_1_182' title='bbox 496 2369 756 2420; x_wconf 65' lang='lat' dir='ltr'>&gt;coronata</span> <span class='ocrx_word' id='word_1_183' title='bbox 786 2371 1111 2430; x_wconf 88' lang='lat' dir='ltr'>peraguntur</span> <span class='ocrx_word' id='word_1_184' title='bbox 1141 2361 1276 2413; x_wconf 91' lang='lat' dir='ltr'>seria</span> <span class='ocrx_word' id='word_1_185' title='bbox 1305 2361 1494 2424; x_wconf 87' lang='lat' dir='ltr'>fronte,</span> 
     </span>
     <span class='ocr_line' id='line_1_31' title="bbox 402 2430 1638 2500; baseline 0.002 -20"><span class='ocrx_word' id='word_1_186' title='bbox 402 2449 501 2481; x_wconf 90' lang='lat' dir='ltr'>nec</span> <span class='ocrx_word' id='word_1_187' title='bbox 530 2430 762 2498; x_wconf 87' lang='lat' dir='ltr'>liquidae</span> <span class='ocrx_word' id='word_1_188' title='bbox 793 2431 979 2483; x_wconf 86' lang='lat' dir='ltr'>vinctis</span> <span class='ocrx_word' id='word_1_189' title='bbox 1011 2432 1138 2484; x_wconf 90' lang='lat' dir='ltr'>flore</span> <span class='ocrx_word' id='word_1_190' title='bbox 1169 2432 1421 2484; x_wconf 88' lang='lat' dir='ltr'>bibuntur</span> <span class='ocrx_word' id='word_1_191' title='bbox 1452 2450 1638 2500; x_wconf 85' lang='lat' dir='ltr'>aquae.</span> 
     </span>
     <span class='ocr_line' id='line_1_32' title="bbox 334 2499 1645 2564; baseline 0.002 -13"><span class='ocrx_word' id='word_1_192' title='bbox 334 2499 499 2552; x_wconf 85' lang='lat' dir='ltr'>donec</span> <span class='ocrx_word' id='word_1_193' title='bbox 531 2520 644 2553; x_wconf 90' lang='lat' dir='ltr'>eras</span> <span class='ocrx_word' id='word_1_194' title='bbox 675 2501 869 2554; x_wconf 89' lang='lat' dir='ltr'>mixtus</span> <span class='ocrx_word' id='word_1_195' title='bbox 900 2502 1081 2564; x_wconf 78' lang='lat' dir='ltr'>nulliS‚</span> <span class='ocrx_word' id='word_1_196' title='bbox 1113 2502 1376 2564; x_wconf 90' lang='lat' dir='ltr'>Acheloe,</span> <span class='ocrx_word' id='word_1_197' title='bbox 1408 2503 1645 2564; x_wconf 79' lang='lat' dir='ltr'>racemiS,</span> 
     </span>
     <span class='ocr_line' id='line_1_33' title="bbox 402 2572 1497 2640; baseline 0.003 -18"><span class='ocrx_word' id='word_1_198' title='bbox 402 2572 572 2640; x_wconf 90' lang='lat' dir='ltr'>gratia</span> <span class='ocrx_word' id='word_1_199' title='bbox 603 2572 887 2624; x_wconf 88' lang='lat' dir='ltr'>sumendae</span> <span class='ocrx_word' id='word_1_200' title='bbox 918 2591 1023 2624; x_wconf 93' lang='lat' dir='ltr'>non</span> <span class='ocrx_word' id='word_1_201' title='bbox 1054 2583 1165 2625; x_wconf 88' lang='lat' dir='ltr'>erat</span> <span class='ocrx_word' id='word_1_202' title='bbox 1194 2574 1303 2625; x_wconf 89' lang='lat' dir='ltr'>ulla</span> <span class='ocrx_word' id='word_1_203' title='bbox 1332 2592 1497 2627; x_wconf 88' lang='lat' dir='ltr'>rosae.</span> 
     </span>
     <span class='ocr_line' id='line_1_34' title="bbox 219 2641 1769 2714; baseline 0.001 -18"><span class='ocrx_word' id='word_1_204' title='bbox 219 2658 300 2696; x_wconf 84' lang='lat'>345</span> <span class='ocrx_word' id='word_1_205' title='bbox 332 2641 577 2694; x_wconf 88' lang='lat' dir='ltr'>Bacchus</span> <span class='ocrx_word' id='word_1_206' title='bbox 609 2652 751 2695; x_wconf 86' lang='lat' dir='ltr'>amat</span> <span class='ocrx_word' id='word_1_207' title='bbox 779 2644 955 2696; x_wconf 90' lang='lat' dir='ltr'>flores:</span> <span class='ocrx_word' id='word_1_208' title='bbox 988 2644 1201 2696; x_wconf 91' lang='lat' dir='ltr'>Baccho</span> <span class='ocrx_word' id='word_1_209' title='bbox 1232 2645 1491 2714; x_wconf 85' lang='lat' dir='ltr'>placuisse</span> <span class='ocrx_word' id='word_1_210' title='bbox 1523 2663 1769 2697; x_wconf 86' lang='lat' dir='ltr'>coronam</span> 
     </span>
     <span class='ocr_line' id='line_1_35' title="bbox 404 2714 1383 2785; baseline 0.001 -20"><span class='ocrx_word' id='word_1_211' title='bbox 404 2732 469 2765; x_wconf 91' lang='lat' dir='ltr'>ex</span> <span class='ocrx_word' id='word_1_212' title='bbox 499 2714 802 2766; x_wconf 86' lang='lat' dir='ltr'>Ariadnaeo</span> <span class='ocrx_word' id='word_1_213' title='bbox 833 2714 1003 2767; x_wconf 87' lang='lat' dir='ltr'>sidere</span> <span class='ocrx_word' id='word_1_214' title='bbox 1033 2733 1187 2768; x_wconf 88' lang='lat' dir='ltr'>nosse</span> <span class='ocrx_word' id='word_1_215' title='bbox 1216 2726 1383 2785; x_wconf 90' lang='lat' dir='ltr'>potes.</span> 
     </span>
     <span class='ocr_line' id='line_1_36' title="bbox 333 2784 1983 2849; baseline 0.003 -15"><span class='ocrx_word' id='word_1_216' title='bbox 333 2801 523 2835; x_wconf 89' lang='lat' dir='ltr'>scaena</span> <span class='ocrx_word' id='word_1_217' title='bbox 551 2784 680 2836; x_wconf 83' lang='lat' dir='ltr'>levi&#39;s</span> <span class='ocrx_word' id='word_1_218' title='bbox 713 2785 864 2837; x_wconf 88' lang='lat' dir='ltr'>decet</span> <span class='ocrx_word' id='word_1_219' title='bbox 893 2785 1052 2838; x_wconf 89' lang='lat' dir='ltr'>hanc:</span> <span class='ocrx_word' id='word_1_220' title='bbox 1083 2805 1189 2838; x_wconf 92' lang='lat' dir='ltr'>non</span> <span class='ocrx_word' id='word_1_221' title='bbox 1220 2795 1322 2849; x_wconf 88' lang='lat' dir='ltr'>est,</span> <span class='ocrx_word' id='word_1_222' title='bbox 1353 2786 1482 2838; x_wconf 91' lang='lat' dir='ltr'>mihi</span> <span class='ocrx_word' id='word_1_223' title='bbox 1512 2787 1730 2848; x_wconf 88' lang='lat' dir='ltr'>credite,</span> <span class='ocrx_word' id='word_1_224' title='bbox 1762 2805 1867 2839; x_wconf 92' lang='lat' dir='ltr'>non</span> <span class='ocrx_word' id='word_1_225' title='bbox 1898 2794 1983 2839; x_wconf 79' lang='lat' dir='ltr'>est</span> 
     </span>
     <span class='ocr_line' id='line_1_37' title="bbox 402 2854 1468 2910; baseline 0.004 -5"><span class='ocrx_word' id='word_1_226' title='bbox 402 2854 493 2906; x_wconf 89' lang='lat' dir='ltr'>illa</span> <span class='ocrx_word' id='word_1_227' title='bbox 541 2866 843 2909; x_wconf 86' lang='lat' dir='ltr'>coturnatas</span> <span class='ocrx_word' id='word_1_228' title='bbox 887 2856 1024 2909; x_wconf 92' lang='lat' dir='ltr'>inter</span> <span class='ocrx_word' id='word_1_229' title='bbox 1052 2856 1298 2909; x_wconf 87' lang='lat' dir='ltr'>habenda</span> <span class='ocrx_word' id='word_1_230' title='bbox 1328 2857 1468 2910; x_wconf 87' lang='lat' dir='ltr'>deas.</span> 
     </span>
     <span class='ocr_line' id='line_1_38' title="bbox 331 2926 1760 2993; baseline 0.003 -17"><span class='ocrx_word' id='word_1_231' title='bbox 331 2926 487 2977; x_wconf 88' lang='lat' dir='ltr'>turba</span> <span class='ocrx_word' id='word_1_232' title='bbox 518 2926 730 2993; x_wconf 90' lang='lat' dir='ltr'>quidem</span> <span class='ocrx_word' id='word_1_233' title='bbox 761 2945 854 2979; x_wconf 90' lang='lat' dir='ltr'>cur</span> <span class='ocrx_word' id='word_1_234' title='bbox 882 2927 977 2979; x_wconf 92' lang='lat' dir='ltr'>hos</span> <span class='ocrx_word' id='word_1_235' title='bbox 1010 2928 1237 2980; x_wconf 90' lang='lat' dir='ltr'>celebret</span> <span class='ocrx_word' id='word_1_236' title='bbox 1267 2928 1560 2981; x_wconf 88' lang='lat' dir='ltr'>meretricia</span> <span class='ocrx_word' id='word_1_237' title='bbox 1588 2929 1760 2991; x_wconf 89' lang='lat' dir='ltr'>ludos,</span> 
     </span>
     <span class='ocr_line' id='line_1_39' title="bbox 219 2997 1442 3068; baseline -0.001 -17"><span class='ocrx_word' id='word_1_238' title='bbox 219 3012 301 3051; x_wconf 85' lang='lat'>350</span> <span class='ocrx_word' id='word_1_239' title='bbox 403 3014 508 3048; x_wconf 92' lang='lat' dir='ltr'>non</span> <span class='ocrx_word' id='word_1_240' title='bbox 540 3017 604 3049; x_wconf 91' lang='lat' dir='ltr'>ex</span> <span class='ocrx_word' id='word_1_241' title='bbox 636 2997 835 3050; x_wconf 82' lang='lat' dir='ltr'>difficili</span> <span class='ocrx_word' id='word_1_242' title='bbox 866 3015 1025 3051; x_wconf 89' lang='lat' dir='ltr'>causa</span> <span class='ocrx_word' id='word_1_243' title='bbox 1053 3000 1216 3068; x_wconf 85' lang='lat' dir='ltr'>petita</span> <span class='ocrx_word' id='word_1_244' title='bbox 1247 3000 1442 3052; x_wconf 84' lang='lat' dir='ltr'>subest.</span> 
     </span>
     <span class='ocr_line' id='line_1_40' title="bbox 332 3068 1757 3139; baseline 0.002 -21"><span class='ocrx_word' id='word_1_245' title='bbox 332 3084 436 3118; x_wconf 91' lang='lat' dir='ltr'>non</span> <span class='ocrx_word' id='word_1_246' title='bbox 469 3076 547 3119; x_wconf 92' lang='lat' dir='ltr'>est</span> <span class='ocrx_word' id='word_1_247' title='bbox 578 3068 642 3120; x_wconf 90' lang='lat' dir='ltr'>de</span> <span class='ocrx_word' id='word_1_248' title='bbox 673 3068 890 3131; x_wconf 86' lang='lat' dir='ltr'>tetricis,</span> <span class='ocrx_word' id='word_1_249' title='bbox 922 3087 1028 3121; x_wconf 92' lang='lat' dir='ltr'>non</span> <span class='ocrx_word' id='word_1_250' title='bbox 1058 3079 1135 3122; x_wconf 91' lang='lat' dir='ltr'>est</span> <span class='ocrx_word' id='word_1_251' title='bbox 1168 3071 1232 3122; x_wconf 90' lang='lat' dir='ltr'>de</span> <span class='ocrx_word' id='word_1_252' title='bbox 1262 3089 1456 3139; x_wconf 90' lang='lat' dir='ltr'>magna</span> <span class='ocrx_word' id='word_1_253' title='bbox 1485 3070 1757 3139; x_wconf 88' lang='lat' dir='ltr'>professis:</span> 
     </span>
     <span class='ocr_line' id='line_1_41' title="bbox 403 3138 1463 3208; baseline 0.003 -19"><span class='ocrx_word' id='word_1_254' title='bbox 403 3138 512 3189; x_wconf 89' lang='lat' dir='ltr'>volt</span> <span class='ocrx_word' id='word_1_255' title='bbox 542 3157 639 3190; x_wconf 89' lang='lat' dir='ltr'>sua</span> <span class='ocrx_word' id='word_1_256' title='bbox 667 3139 872 3208; x_wconf 90' lang='lat' dir='ltr'>plebeio</span> <span class='ocrx_word' id='word_1_257' title='bbox 903 3158 1050 3192; x_wconf 91' lang='lat' dir='ltr'>sacra</span> <span class='ocrx_word' id='word_1_258' title='bbox 1079 3150 1258 3208; x_wconf 87' lang='lat' dir='ltr'>patere</span> <span class='ocrx_word' id='word_1_259' title='bbox 1289 3140 1463 3192; x_wconf 90' lang='lat' dir='ltr'>chor0.</span> 
     </span>
     <span class='ocr_line' id='line_1_42' title="bbox 334 3210 1560 3278; baseline 0.002 -19"><span class='ocrx_word' id='word_1_260' title='bbox 334 3217 385 3260; x_wconf 89' lang='lat' dir='ltr'>et</span> <span class='ocrx_word' id='word_1_261' title='bbox 415 3218 593 3260; x_wconf 89' lang='lat' dir='ltr'>monet</span> <span class='ocrx_word' id='word_1_262' title='bbox 623 3210 806 3261; x_wconf 89' lang='lat' dir='ltr'>aetatis</span> <span class='ocrx_word' id='word_1_263' title='bbox 838 3210 1035 3278; x_wconf 85' lang='lat' dir='ltr'>specie,</span> <span class='ocrx_word' id='word_1_264' title='bbox 1068 3211 1193 3262; x_wconf 90' lang='lat' dir='ltr'>dum</span> <span class='ocrx_word' id='word_1_265' title='bbox 1223 3211 1429 3272; x_wconf 89' lang='lat' dir='ltr'>floreat,</span> <span class='ocrx_word' id='word_1_266' title='bbox 1460 3211 1560 3262; x_wconf 90' lang='lat' dir='ltr'>uti:</span> 
     </span>
     <span class='ocr_line' id='line_1_43' title="bbox 404 3280 1717 3348; baseline 0.002 -17"><span class='ocrx_word' id='word_1_267' title='bbox 404 3288 745 3331; x_wconf 84' lang='lat' dir='ltr'>contemnunt</span> <span class='ocrx_word' id='word_1_268' title='bbox 775 3280 1001 3348; x_wconf 86' lang='lat' dir='ltr'>spinam,</span> <span class='ocrx_word' id='word_1_269' title='bbox 1034 3298 1153 3332; x_wconf 88' lang='lat' dir='ltr'>cum</span> <span class='ocrx_word' id='word_1_270' title='bbox 1186 3281 1419 3332; x_wconf 91' lang='lat' dir='ltr'>cecidere</span> <span class='ocrx_word' id='word_1_271' title='bbox 1449 3299 1614 3333; x_wconf 88' lang='lat' dir='ltr'>rosae.</span> <span class='ocrx_word' id='word_1_272' title='bbox 1646 3310 1717 3319; x_wconf 91' lang='lat'>——-</span> 
     </span>
     <span class='ocr_line' id='line_1_44' title="bbox 219 3349 1704 3415; baseline -0.001 -9"><span class='ocrx_word' id='word_1_273' title='bbox 219 3367 301 3406; x_wconf 83' lang='lat'>355</span> <span class='ocrx_word' id='word_1_274' title='bbox 333 3368 426 3402; x_wconf 90' lang='lat' dir='ltr'>cur</span> <span class='ocrx_word' id='word_1_275' title='bbox 455 3359 655 3412; x_wconf 88' lang='lat' dir='ltr'>tamen,</span> <span class='ocrx_word' id='word_1_276' title='bbox 686 3359 744 3401; x_wconf 89' lang='lat' dir='ltr'>ut</span> <span class='ocrx_word' id='word_1_277' title='bbox 774 3350 963 3402; x_wconf 90' lang='lat' dir='ltr'>dantur</span> <span class='ocrx_word' id='word_1_278' title='bbox 992 3360 1163 3402; x_wconf 86' lang='lat' dir='ltr'>vestes</span> <span class='ocrx_word' id='word_1_279' title='bbox 1195 3349 1503 3403; x_wconf 86' lang='lat' dir='ltr'>Cerealibus</span> <span class='ocrx_word' id='word_1_280' title='bbox 1535 3352 1704 3415; x_wconf 86' lang='lat' dir='ltr'>albae,</span> 
     </span>
     <span class='ocr_line' id='line_1_45' title="bbox 406 3420 1516 3475; baseline 0.002 -3"><span class='ocrx_word' id='word_1_281' title='bbox 406 3420 478 3473; x_wconf 89' lang='lat' dir='ltr'>sic</span> <span class='ocrx_word' id='word_1_282' title='bbox 509 3420 638 3473; x_wconf 91' lang='lat' dir='ltr'>haec</span> <span class='ocrx_word' id='word_1_283' title='bbox 670 3430 748 3473; x_wconf 90' lang='lat' dir='ltr'>est</span> <span class='ocrx_word' id='word_1_284' title='bbox 779 3421 922 3473; x_wconf 86' lang='lat' dir='ltr'>cultu</span> <span class='ocrx_word' id='word_1_285' title='bbox 953 3421 1263 3475; x_wconf 88' lang='lat' dir='ltr'>versicolore</span> <span class='ocrx_word' id='word_1_286' title='bbox 1295 3422 1516 3474; x_wconf 80' lang='lat' dir='ltr'>decens?</span> 
     </span>
    </p>
   </div>
  </div>
 </body>
</html>
