2158 3906
651 346 915 394 OPERUM
942 346 1358 396 FRAGMENTA.
1755 339 1861 394 297

115 484 119 489 -
149 455 332 502 auctor
369 454 450 502 est
487 445 717 501 Ovidius
753 458 927 519 poeta.
1006 450 1240 504 Ovidium
1277 452 1480 504 Plinius
1516 454 1572 505 in
1608 453 1859 506 indicibus

148 528 406 574 auctorum
438 518 551 572 libr.
584 520 801 573 XVIII
820 521 1025 575 XXIX
1051 522 1257 575 XXXI
1279 523 1519 576 XXXII
1538 526 1783 577 nominat.

927 631 1082 686 XIX

110 711 118 782 ζ
151 722 360 778 Ovidius
389 727 569 777 Amor.
599 724 675 778 II
695 727 748 778 4.-

291 826 451 862 ausus
483 826 654 873 eram,
684 809 925 874 memini,
957 811 1204 866 caelestia
1233 811 1407 868 dicere
1436 812 1577 868 bella
1773 832 1823 871 11

359 879 820 950 centimanumque
852 879 1051 952 Gygen
1080 901 1192 954 sqq.

915 994 1082 1048 XX*

106 1075 120 1137 s
145 1091 374 1146 Martial.
397 1094 472 1146 II
488 1095 579 1145 41:
629 1093 808 1158 ‘Ride‚
840 1094 884 1147 si
915 1094 1074 1165 sapis,
1106 1113 1137 1148 o
1167 1097 1362 1166 puella,
1393 1097 1530 1151 ride:
1559 1097 1853 1168 Paelignus

113 1175 117 1181 ’
212 1171 343 1233 puto
376 1163 581 1217 dixerat
603 1165 784 1235 poeta’
816 1164 956 1234 (inde
979 1166 1125 1219 habet
1147 1167 1441 1220 Martianus
1470 1168 1678 1241 Capella
1714 1170 1860 1223 VIII

22 1255 23 1259 ¹
112 1286 113 1289 ,
202 1253 262 1305 p.
295 1234 402 1286 500
424 1235 524 1303 Ε.)
554 1238 624 1288 ad
650 1237 766 1289 Art.
800 1246 954 1289 amat.
986 1237 1093 1290 III
1114 1240 1209 1289 515
1239 1240 1296 1291 m‘
1312 1239 1483 1309 fallor
1511 1249 1716 1310 spectat.

109 1394 112 1409 .
895 1347 1089 1402 XXI*

80 1431 81 1434 Ἴ
113 1446 222 1505 ,190
266 1447 382 1499 dub.
421 1449 610 1501 nomin.
649 1450 705 1501 in
749 1446 977 1503 Gramm.
1016 1449 1139 1502 Lat.
1180 1452 1255 1503 ed.
1287 1451 1423 1504 Keil.
1467 1452 1518 1503 V
1536 1471 1596 1522 p.
1628 1454 1758 1513 576,
1792 1454 1854 1504 6.-

106 1556 116 1563 .
211 1514 422 1561 Ovidius:

570 1592 754 1629 currus
785 1576 1033 1646 crystallo
1062 1576 1269 1631 lucidus
1300 1577 1422 1630 alba

138 1714 139 1717 ¹
343 1715 345 1718 ⁴
802 1701 813 1721 ²
878 1688 1101 1743 XXII*

134 1780 258 1834 ibid.
281 1798 341 1851 p.
373 1781 494 1842 592,
526 1781 627 1834 27:
679 1784 870 1831 Ovidius

672 1850 1083 1922 innumerosque
1113 1852 1274 1907 vehes

849 1952 878 1980 ⁴}
1102 1952 1131 1980 ⁴*

977 1992 1006 2021 ἢ

131 2049 370 2121 Denique
399 2049 703 2121 conferenda
732 2060 850 2103 sunt
880 2070 1007 2121 quae
1043 2053 1154 2105 dim·
1190 2054 1260 2105 ad
1286 2052 1626 2123 Antloeoloyiae
1661 2054 1848 2107 latinae

206 2141 246 2174 c.
289 2124 330 2174 sl.
361 2122 413 2174 2.
447 2123 564 2173 210.
597 2122 718 2174 258.
750 2123 876 2174 262.
908 2124 1030 2174 269.
1065 2125 1191 2175 674.
1225 2124 1346 2175 682.
1383 2125 1508 2175 787.
1589 2126 1747 2177 Taceo
1786 2127 1849 2178 de

201 2192 376 2245 Pulice
406 2192 620 2262 aliisque
655 2191 834 2245 Ovidio
866 2195 1135 2264 ads-emptis
1164 2195 1318 2246 medii
1348 2197 1456 2247 aevi
1483 2196 1753 2248 versiculis,

878 2402 1092 2458 XXIII

272 2503 459 2558 Seneca
488 2514 644 2559 contr.
675 2505 752 2558 II
771 2506 823 2567 2,
848 2506 1032 2557 9—1-1:
1077 2509 1211 2555 Haec
1229 2509 1310 2555 illo
1325 2510 1544 2568 (Nasone)
1565 2512 1746 2558 dicente
1767 2527 1844 2559 ex-

19 2562 24 2608 ⁴·
78 2603 81 2615 1
133 2572 269 2632 ce'pta
286 2572 496 2618 memini:

271 2644 543 2715 Quicquid
573 2646 768 2700 laboris
800 2656 906 2711 est,
942 2647 998 2700 in
1035 2646 1137 2701 hoc
1167 2658 1270 2710 est,
1307 2657 1366 2701 ut
1397 2649 1550 2702 uxori
1586 2650 1759 2703 virum
1790 2662 1841 2705 et

22 2711 25 2764 ῗ
77 2730 80 2735 ·
127 2735 349 2770 uxorem
378 2716 491 2770 viro
515 2717 734 2788 diligere
765 2718 1041 2772 concedaS.
1099 2736 1315 2772 necesse
1345 2729 1423 2773 est
1448 2720 1637 2774 deinde
1666 2721 1841 2775 iurare

22 2786 25 2849 J
83 2789 85 2791 ’
126 2787 420 2859 permittaS,
451 2787 496 2841 si
519 2807 696 2842 amare
722 2789 1038 2858 permiseriS.
1101 2790 1246 2858 quod
1269 2789 1519 2844 habuisse
1549 2810 1645 2844 nos
1675 2793 1843 2845 iusiu-

126 2858 353 2912 randum
382 2859 570 2930 putas?
599 2869 658 2912 tu
687 2859 840 2912 nobis
862 2860 1168 2930 religiosum
1191 2874 1386 2914 nomen
1415 2861 1561 2914 fuisti
1571 2883 1585 2924 3
1618 2863 1662 2915 si
1691 2883 1841 2916 men-

23 2977 25 3006 ὴ
126 2929 370 2994 tiremur,
405 2929 498 2983 illa
534 2929 634 2983 sibi
662 2930 856 2983 iratum
885 2940 1091 3000 patrem
1118 2931 1407 2995 invocavit,
1447 2951 1548 3002 ego
1579 2951 1840 2986 socerum.

24 3010 25 3045 ³
125 3018 309 3072 parce,
353 3009 527 3071 pater,
571 3019 678 3054 non
720 3001 1089 3072 peieravimus.
1163 3020 1286 3056 ecce
1331 3003 1638 3074 obiurgator
1673 3006 1838 3056 nostri

125 3089 287 3140 quam
327 3071 580 3126 effrenato
620 3090 798 3126 amore
835 3071 1026 3126 ferturl
1073 3073 1311 3142 queritur
1354 3091 1675 3144 quemquam
1721 3094 1840 3128 esse

125 3143 264 3197 filiae
299 3151 507 3214 praeter
544 3162 599 3197 se
637 3161 836 3196 carum.
908 3142 1038 3212 quid
1073 3153 1152 3198 est
1190 3144 1334 3214 quod
1370 3145 1519 3198 illum
1557 3146 1626 3198 ab
1661 3146 1840 3199 indul-

125 3214 306 3285 gentia
334 3233 432 3268 sua
453 3215 669 3268 avocet?
700 3214 754 3267 di
781 3214 930 3268 boni!
963 3215 1239 3283 quomodo
1251 3215 1337 3268 hic
1361 3217 1558 3269 amavit
1585 3219 1841 3270 uxorem?

23 3294 28 3315 ³
127 3294 268 3338 amat
303 3285 466 3338 filiam
505 3296 557 3340 et
594 3285 829 3349 abdicat3
869 3286 1008 3339 dolet
1045 3286 1394 3356 periclitatam
1432 3306 1546 3341 esse
1584 3298 1636 3342 et
1673 3289 1742 3341 ab
1773 3307 1835 3342 eo

125 3355 365 3420 abducit,
403 3356 515 3410 sine
552 3375 658 3426 quo
693 3366 856 3428 negat
894 3376 950 3410 se
989 3375 1144 3427 posse
1181 3358 1382 3420 vivere3
1425 3359 1662 3428 queritur
1697 3360 1841 3429 peri-

85 3487 87 3491 Α
126 3427 307 3480 culum
337 3427 468 3490 eine,
498 3445 604 3496 qua
631 3447 800 3499 paene
831 3428 999 3482 caruit
1027 3427 1129 3492 hic,
1159 3429 1252 3498 qui
1281 3448 1458 3483 amare
1488 3440 1640 3484 caute
1670 3431 1833 3483 iubet.

123 3496 332 3552 facilius
368 3498 424 3551 in
463 3517 640 3553 amore
670 3499 831 3553 finem
868 3499 1118 3571 impetres
1149 3518 1309 3570 quam
1339 3502 1573 3554 modum.
1645 3512 1704 3554 tu
1733 3501 1841 3554 hoc
