2158 3906
789 334 987 382 IBIDIS
1016 334 1258 382 344—431.

245 448 295 495 et
326 438 462 494 iacto
494 456 653 492 canas
682 438 900 509 pulvere
931 438 1057 492 fecit
1086 455 1275 506 aquas:

171 530 267 566 sex
295 509 377 564 bis
406 518 469 563 ut
496 509 731 563 Icaridos
762 509 992 563 famulae
1023 509 1224 579 periere
1254 507 1520 579 procique‚

242 581 403 650 inque
434 590 594 650 caput
625 579 823 633 domini
852 581 943 649 qui
974 579 1134 633 dabat
1165 598 1312 633 arma
1342 579 1536 650 procis:

170 661 233 706 ut
261 651 398 706 iacet
427 650 605 703 Aonio
636 651 862 703 luctator
892 650 960 703 ab
991 650 1197 721 hospite
1228 650 1396 712 fusus,

243 721 335 792 qui
363 751 436 759 —
465 722 655 774 mirum
686 751 758 759 —
786 721 975 783 victor,
1008 739 1130 774 cum
1161 721 1457 784 cecidisset,
1489 729 1623 774 erat:

169 802 230 847 ut
261 810 393 862 quos
424 791 622 845 Antaei
651 792 813 845 fortes
844 810 1081 862 pressere
1111 792 1309 855 lacerti,

243 880 482 933 quosque
512 862 656 917 ferae
687 863 842 916 morti
873 862 1100 917 Lemnia
1128 863 1284 916 turba
1314 862 1480 916 dedit:

168 943 231 988 ut
260 933 352 1003 qui
381 942 502 1017 post
530 934 772 1005 longum,
805 934 939 987 sacri
968 943 1285 987 monstrator
1312 933 1495 1003 iniqui,

243 1005 422 1060 elicuit
451 1005 658 1076 pluvias
690 1005 901 1059 victima
931 1023 1116 1058 caesus
1147 1023 1334 1074 aquas:

168 1075 335 1130 frater
364 1084 423 1130 ut
451 1076 675 1140 Antaei,
706 1093 812 1145 quo
844 1076 1103 1146 sanguine
1134 1075 1339 1139 debuit,
1371 1094 1488 1129 aras

242 1147 397 1200 tinxit
428 1156 480 1200 et
509 1147 762 1218 exemplis
793 1147 984 1201 occidit
1012 1147 1126 1217 ipse
1156 1147 1288 1199 suis:

166 1227 230 1271 ut
259 1218 350 1287 qui
380 1218 638 1272 terribiles
669 1236 764 1289 pro
794 1237 1014 1288 gramen
1043 1217 1359 1271 habentibus
1391 1216 1567 1271 herbis

241 1289 435 1359 impius
465 1288 696 1342 humano
728 1289 984 1358 sanguine
1015 1288 1162 1358 pavit
1192 1305 1379 1357 equos:

174 1369 233 1413 ut
262 1359 367 1413 duo
399 1360 618 1414 diversis
649 1360 749 1413 sub
779 1359 965 1413 eodem
997 1358 1204 1411 vindice
1235 1358 1374 1412 caesi

242 1431 548 1485 vulneribus
577 1430 779 1484 Nessus
809 1429 1216 1498 Dexamenique
1245 1448 1431 1499 gener:

172 1512 233 1555 ut
261 1520 426 1573 prone
465 1520 547 1565 os,
580 1499 832 1562 Saturne,
864 1509 1010 1563 tuus,
1043 1517 1202 1568 quem
1233 1500 1453 1554 reddere
1484 1499 1647 1553 vitam

240 1572 373 1626 urbe
439 1571 698 1626 *oronides
729 1571 860 1624 vidit
890 1570 958 1624 ab
989 1571 1101 1641 ipse
1133 1589 1251 1623 sua:

169 1651 228 1697 ut
259 1642 400 1698 Sinis
432 1652 485 1697 et
515 1641 705 1697 Sciron
736 1651 788 1696 et
818 1661 939 1696 cum
969 1641 1333 1712 Polypemone
1363 1651 1535 1705 natus,

240 1714 437 1784 quique
467 1713 625 1767 horno
656 1723 804 1784 parte
836 1713 940 1776 sui,
971 1724 1120 1783 parte
1150 1713 1404 1767 iuvencus
1435 1724 1564 1775 erat,

165 1785 367 1856 quique
397 1785 572 1839 trabes
603 1803 810 1868 pressas
842 1785 911 1837 ab
940 1783 1103 1837 humo
1135 1784 1377 1838 mittebat
1406 1784 1461 1837 in
1491 1803 1664 1849 auras,

241 1856 483 1926 aequoris
514 1856 772 1927 aspxciens
803 1855 959 1908 huius
990 1866 1041 1909 et
1071 1854 1229 1908 huius
1260 1873 1448 1924 aquas:

48 1911 66 1965 '54
123 1953 128 1956 ·
163 1945 412 1997 quaeque
444 1925 608 1980 Ceres
638 1926 776 1981 laeto
807 1926 939 1979 vidit
968 1926 1243 1997 pereuntia
1273 1926 1423 1979 vultu

241 2016 463 2069 corpora
491 1997 700 2051 Thesea
731 1995 1041 2068 Cercyonea
1070 2016 1247 2050 manu.

167 2068 301 2124 haec
331 2069 450 2132 tibi,
482 2087 640 2139 quem
670 2068 870 2123 meritis
900 2068 1145 2139 precibus
1175 2087 1295 2121 mea
1325 2068 1551 2123 devovet
1579 2068 1674 2131 ira,

240 2140 485 2195 eveniant
515 2148 607 2193 aut
635 2138 718 2193 his
749 2158 855 2193 non
885 2139 1082 2193 leviora
1111 2139 1278 2192 malis.

163 2211 340 2281 qualis
369 2210 796 2265 Achaemenides
828 2210 1011 2264 Sicula
1040 2210 1278 2263 desertus
1308 2210 1363 2263 in
1393 2228 1501 2274 ora,

239 2281 432 2336 Troica
462 2299 585 2336 cum
614 2282 745 2336 vidit
775 2282 891 2335 vela
922 2281 1124 2344 venire,
1155 2281 1277 2334 fuit:

164 2352 338 2423 qualis
370 2361 482 2407 erat
510 2371 609 2407 nec
637 2371 745 2406 non
775 2352 987 2406 fortuna
1016 2351 1299 2405 binominis
1329 2352 1419 2414 Iri,

239 2424 436 2494 quique
466 2433 647 2478 tenent
713 2432 914 2487 ontem‚
945 2442 1082 2492 quae
1113 2423 1209 2476 tibi
1238 2422 1405 2476 maior
1435 2423 1549 2477 erit.

167 2495 306 2549 filius
337 2504 390 2549 et
421 2493 657 2550 Cereris.
686 2505 858 2549 rustra
889 2494 985 2547 tibi
1014 2513 1222 2565 semper
1252 2504 1457 2549 ametur

240 2566 594 2635 destituatque
624 2575 742 2620 tuas
772 2584 941 2635 usque
1010 2565 1168 2619 etitus
1199 2584 1344 2636 opes.

164 2646 332 2706 utque
361 2656 457 2708 per
486 2638 716 2692 alternos
746 2638 890 2691 unda
919 2585 1130 2691 labente
1161 2655 1404 2690 recursus

239 2707 565 2762 subtrahitur
593 2726 774 2779 presso
804 2709 975 2761 mollis
1004 2708 1202 2762 harena
1231 2708 1372 2779 pedi,

164 2779 245 2833 sic
274 2787 367 2832 tua
395 2778 573 2833 nescio
604 2796 712 2848 qua
741 2797 948 2850 semper
977 2779 1190 2832 fortuna
1218 2779 1474 2848 liquescat

239 2851 495 2921 lapsaque
524 2869 619 2920 per
647 2849 848 2902 medias
879 2850 1062 2903 effluat
1091 2867 1259 2918 usque
1289 2869 1495 2902 manus.

164 2930 333 2990 utque
362 2929 514 2991 pater
543 2920 726 2974 solitae
756 2920 928 2973 varias
958 2929 1163 2973 mutare
1191 2920 1390 2990 figuras

238 2992 426 3063 plenus
456 2991 745 3045 inextincta
775 2991 1058 3044 destituare
1087 2991 1245 3044 fame.

166 3081 267 3117 nec
297 3062 447 3133 dapis
467 3061 739 3116 'humanae
769 3062 865 3115 tibi
895 3062 999 3114 sint
1027 3061 1261 3114 fastidia:
1294 3079 1506 3131 quaque

239 3143 389 3204 parte
419 3143 593 3204 potes,
625 3133 844 3203 Tydeus
875 3133 1124 3203 temporis
1154 3132 1311 3186 huius
1342 3133 1459 3186 eris·

168 3214 329 3274 atque
359 3204 558 3274 aliquid
587 3204 751 3258 facias
761 3244 775 3268 ,
808 3223 840 3257 a
869 3223 1087 3274 vespere
1119 3202 1259 3258 Solis
1290 3204 1359 3257 ad
1389 3213 1533 3257 ortus

242 3293 336 3328 cur
351 3275 622 3330 externati
650 3295 831 3329 rursus
862 3284 1089 3346 agantur
1119 3275 1257 3344 equi.

167 3344 328 3399 foeda
357 3346 662 3417 Lycaoniae
692 3356 898 3417 repetes
929 3345 1170 3400 convivia
1199 3365 1412 3400 mensae

243 3417 630 3487 temptabisque
661 3418 766 3472 cibi
794 3418 976 3471 fallere
1005 3417 1193 3471 fraude
1225 3419 1423 3471 Iovem.
1484 3422 1490 3430 ’

170 3495 329 3556 teque
360 3487 546 3556 aliquis
576 3489 746 3559 posito
776 3498 997 3559 temptet
1027 3488 1134 3542 vim
1164 3490 1416 3553 numiniS‚
1449 3498 1596 3559 opto:

261 3569 370 3606 Ovidii
383 3570 443 3604 vol.
462 3569 530 3604 111.
1539 3571 1595 3614 14

1913 596 1999 636 390

1913 949 1996 989 395

1911 1305 1997 1344 400

1911 1660 1994 1699 405

1909 2017 1995 2055 410

1909 2372 1992 2409 415

1909 2725 1993 2763 420

1906 3079 1988 3117 425

1907 3434 1991 3472 430
