2158 3906
364 294 465 347 146
576 296 582 301 ⁴
917 303 970 345 P.
1006 302 1212 347 OVIDII
1240 302 1511 349 NASONIS

362 426 460 461 nec
492 407 639 468 satis,
670 403 880 457 incestis
911 403 1154 456 temerari
1185 405 1403 456 vocibus
1436 424 1612 457 aures:

437 478 754 530 adsuescunt
784 474 922 527 oculi
952 475 1119 527 multa
1148 474 1396 556 pudenda
1426 475 1535 544 pati
1546 496 1560 537 ;

251 565 333 605 505
366 566 590 615 cumque
620 545 807 598 fefellit
837 564 1020 597 amans
1051 545 1227 613 aliqua
1257 546 1488 598 novitate
1519 546 1783 610 maritum,

434 616 726 697 plauditur,
758 624 809 668 et
837 633 1033 685 magno
1063 617 1241 685 palma
1270 617 1450 669 favore
1483 616 1651 669 datur.

364 706 575 757 quoque
604 686 779 739 minus
809 686 1045 757 prodest,
1079 705 1269 740 scaena
1300 695 1378 740 est
1406 687 1614 740 lucrosa
1644 698 1853 758 poetae,

435 767 684 824 tantaque
714 775 820 809 non
850 775 1015 827 parvo
1046 757 1264 810 crimina
1293 767 1504 827 praetor
1533 758 1674 811 emit.

362 829 561 898 inspice
591 828 837 880 ludorum
868 837 1132 898 sumptus,
1162 829 1435 898 Auguste,
1467 837 1703 882 tuorum·

250 916 334 955 510
438 907 614 969 empta
643 898 739 950 tibi
769 917 962 968 magno
994 899 1119 951 talia
1149 899 1316 951 multa
1344 899 1507 968 leges.

364 970 495 1023 haec
525 979 582 1021 tu
614 969 862 1039 spectasti
893 970 1284 1040 spectandaque
1315 988 1473 1040 saepe
1504 969 1694 1023 dedisti
1720 999 1798 1008 —

435 1040 681 1093 maiestas
713 1041 845 1094 adeo
877 1041 1039 1093 comis
1069 1041 1267 1109 ubique
1297 1050 1389 1093 tua
1420 1049 1498 1094 est
1526 1070 1599 1079 —-

363 1112 754 1179 luminibusque
785 1111 913 1174 tuis,
945 1120 1086 1164 totus
1118 1112 1310 1180 quibus
1340 1111 1505 1164 utitur
1535 1111 1692 1174 orbiS,

438 1183 677 1235 scaenica
707 1182 884 1234 vidisti
913 1183 1087 1236 lentus
1119 1182 1391 1235 adulteria.

251 1270 333 1309 515
366 1254 591 1306 scribere
624 1254 667 1305 si
697 1254 777 1305 sas
809 1262 888 1306 est
907 1254 1180 1307 'imitantes
1210 1253 1384 1324 turpia
1413 1252 1619 1316 mimos,

436 1325 683 1377 materiae
715 1325 884 1376 minor
914 1334 992 1378 est
1022 1325 1198 1377 debita
1226 1343 1398 1394 poena
1426 1343 1593 1377 meae.

367 1415 431 1447 an
463 1414 630 1465 genus
663 1395 762 1448 hoc
794 1396 972 1465 scripti
1002 1395 1203 1449 faciunt
1234 1414 1330 1448 sua
1359 1394 1565 1466 pulpita
1592 1403 1789 1458 tutum,

438 1466 682 1534 quodque
712 1466 857 1528 licet,
887 1467 1060 1518 mimis
1092 1484 1284 1519 scaena
1312 1466 1483 1519 licere
1500 1465 1672 1519 dedit?

367 1546 415 1591 et
448 1555 567 1590 mea
596 1547 718 1589 sunt
748 1538 945 1607 populo
976 1538 1164 1589 saltata
1193 1545 1437 1607 poemata
1467 1555 1643 1606 saepe,

252 1623 336 1662 520
440 1627 597 1677 saepe
629 1608 807 1660 oculos
839 1609 997 1660 etiam
1028 1608 1298 1661 detinuere
1328 1617 1464 1660 tuos·

368 1678 562 1731 scilicet
593 1679 647 1731 in
678 1679 921 1731 domibus
952 1679 1137 1731 vestris
1168 1688 1227 1731 ut
1256 1679 1429 1749 prisca
1458 1678 1689 1730 virorum

438 1749 623 1802 artifici
652 1749 859 1819 fulgent
890 1767 1108 1819 corpora
1137 1750 1278 1819 picta
1307 1768 1486 1810 manu,

367 1820 441 1873 sic
472 1838 607 1888 quae
639 1821 947 1873 concubitus
978 1821 1149 1872 varios
1180 1820 1511 1888 Venerisque
1542 1819 1742 1888 figuras

438 1892 719 1961 exprimat,
751 1900 830 1944 est
860 1891 1035 1959 aliquo
1066 1910 1231 1960 parva
1260 1891 1455 1943 tabella
1483 1890 1616 1942 loco.

253 1976 334 2014 525
366 1971 530 2043 utque
562 1962 708 2014 sedet
737 1963 887 2014 vultu
917 1962 1090 2014 fassus
1120 1960 1507 2014 Telamonius
1492 1979 1641 2021 1ram‚

436 2034 595 2101 inque
626 2033 789 2084 oculis
821 2033 1024 2085 facinus
1054 2033 1282 2085 barbara
1309 2041 1478 2085 mater
1505 2032 1683 2094 habet,

365 2103 442 2156 sic
472 2103 711 2156 madidos
742 2103 902 2156 siccat
932 2103 1110 2174 digitis
1141 2104 1327 2157 Venus
1355 2102 1464 2155 uda
1494 2103 1729 2172 capillos,

438 2183 490 2226 et
518 2174 676 2226 modo
706 2174 954 2226 maternis
985 2183 1124 2227 tecta
1153 2174 1362 2227 videtur
1391 2173 1557 2242 aquis,

366 2244 505 2297 bella
536 2254 722 2297 sonant
753 2245 840 2298 alii
870 2245 986 2297 telis
1016 2246 1270 2298 instructa
1299 2244 1544 2306 cruentis,

252 2331 337 2369 530
438 2334 665 2384 parsque
696 2316 773 2367 tui
802 2317 1034 2384 generis,
1066 2335 1186 2385 pars
1217 2325 1310 2369 tua
1338 2316 1479 2368 facta
1511 2323 1722 2369 canunt.

367 2386 545 2438 invida
574 2406 658 2439 me
691 2388 859 2455 spatio
890 2396 1079 2439 natura
1110 2387 1341 2439 coercuit
1371 2395 1502 2448 arto,

438 2457 649 2526 ingenio
682 2458 818 2510 vires
850 2458 1173 2526 exiguasque
1206 2457 1365 2509 dedit..

368 2536 420 2579 et
450 2537 624 2579 tamen
657 2528 742 2580 ille
772 2537 895 2580 tuae
925 2528 1052 2580 felix
1083 2528 1353 2580 Aeneidos
1385 2536 1567 2580 auctor

440 2598 659 2650 contulit
688 2599 742 2650 in
772 2599 963 2668 Tyrios
994 2605 1165 2650 ‘arma
1195 2598 1494 2667 virumque'
1527 2607 1685 2661 toros,

253 2684 335 2723 535
367 2687 464 2721 nec
493 2669 687 2738 legitur
716 2688 835 2738 pars
867 2670 975 2721 ulla
1002 2669 1173 2738 magis
1205 2669 1270 2722 de
1301 2686 1518 2739 corpore
1548 2678 1675 2731 tot0,

439 2758 599 2807 quam
628 2758 733 2792 non
764 2740 997 2809 legitimo
1028 2740 1239 2793 foedere
1268 2740 1478 2792 iunctus
1510 2757 1671 2791 amor.

366 2810 627 2879 Phyllidis
658 2810 742 2862 hic
771 2811 911 2863 idem
942 2820 1258 2878 teneraeque
1290 2810 1634 2879 Amaryllidis
1663 2810 1817 2880 ignes

438 2881 687 2934 bucolicis
718 2881 921 2934 iuvenis
951 2883 1145 2934 luserat
1177 2891 1298 2935 ante
1328 2882 1514 2934 modis.

365 2970 461 3004 nos
491 2969 704 3020 quoque
734 2953 840 3004 iam
869 2953 1073 3034 pridem
1103 2953 1295 3022 scripto
1326 2952 1660 3023 peccavimus
1688 2951 1816 3003 isto:

254 3038 337 3077 540
440 3023 755 3105 supplicium
786 3024 982 3092 patitur
1010 3041 1116 3076 non
1146 3041 1286 3076 nova
1315 3024 1471 3093 culpa
1499 3042 1719 3076 novum:

368 3094 705 3175 carminaque
737 3095 1027 3156 edideram,
1060 3113 1181 3147 cum
1212 3103 1263 3146 te
1295 3095 1484 3147 delicta
1513 3102 1785 3146 notantem

436 3165 679 3232 praeterii
709 3165 898 3246 totiens
928 3165 1041 3218 iure
1071 3164 1281 3233 quietus
1313 3183 1490 3233 eques.

368 3253 493 3303 ergo
525 3253 660 3302 quae
690 3235 868 3287 iuveni
898 3234 1025 3286 mihi
1055 3253 1160 3286 non
1190 3236 1430 3288 nocitura
1459 3234 1640 3304 putavi

438 3305 629 3374 scripta
659 3324 845 3373 parum
875 3305 1132 3374 prudenS‚
1162 3323 1305 3358 nunc
1333 3323 1560 3357 nocuere
1592 3304 1719 3357 seni.

254 3391 334 3429 545
369 3394 484 3427 scra
513 3375 826 3427 redundavit
856 3375 1044 3427 veteris
1076 3375 1307 3428 vindicta
1335 3375 1514 3437 libelli,

439 3446 596 3497 distat
627 3455 676 3499 et
708 3465 740 3499 a
770 3445 938 3500 meriti
968 3455 1201 3515 tempore
1231 3464 1402 3516 poena
1433 3447 1529 3499 sui.
