2158 3906
248 389 337 436 Ex
356 389 572 437 PONTO
592 387 712 436 ΜΒ.
735 390 796 434 11.
819 389 880 448 x,
897 389 1096 448 39-X1,
1114 388 1183 434 28.
1215 386 1337 434 Lm.
1356 388 1444 433 111.
1466 388 1504 445 1,
1524 387 1675 432 1—40.
1714 375 1817 429 251

703 573 896 620 LIBER
925 572 1219 620 TERTIUS.

39 784 42 799 ·
74 826 76 831 ,
106 776 331 845 Aequor
358 773 570 828 Iasonio
600 774 869 844 pulsatum
899 775 1098 845 remige
1129 775 1375 846 primum,
1695 772 1742 816 U
1745 771 1793 816 X
1796 770 1935 816 ORI.

34 915 35 918 Ἴ
179 863 422 916 quaeque
451 863 549 899 nec
579 843 729 899 hoste
759 845 872 898 fero
902 863 1000 899 nec
1031 845 1177 908 nive,
1209 855 1370 908 terra,
1404 863 1568 907 cares,

42 964 43 967 ,
101 915 314 1001 ecquod
344 915 440 970 erit
471 924 704 985 tempus,
736 933 842 985 quo
874 934 968 969 vos
1000 934 1099 987 ego
1130 916 1276 970 Naso
1307 915 1617 985 relinquam,

34 995 49 1042 ζ
179 1006 235 1041 m
263 986 438 1040 minus
468 985 645 1039 hostili
674 986 848 1040 iussus
880 987 1066 1041 abesse
1096 987 1244 1040 loco?

105 1078 176 1113 an
207 1057 336 1111 mihi
367 1056 610 1111 barbaria
641 1057 929 1111 vivendum
960 1077 1168 1128 semper
1197 1058 1251 1111 in
1282 1057 1398 1119 ista,
1853 1070 1880 1110 5

33 1187 77 1196 ,⁷
179 1128 339 1199 inque
369 1127 652 1182 Tomitana
683 1128 880 1182 condar
911 1139 1117 1199 oportet
1147 1129 1342 1182 humo?

32 1216 51 1269 ῑ
107 1218 239 1273 pace
270 1210 386 1263 tua,
416 1229 489 1238 —
515 1199 563 1253 si
630 1219 709 1253 ax·
727 1200 836 1253 ulla
865 1210 944 1254 est
974 1209 1088 1263 tua,
1119 1199 1344 1253 Pontica
1375 1198 1548 1262 tellus,

18 1277 46 1321 's‘
70 1326 73 1335 N
179 1269 432 1324 finitimus
464 1270 578 1341 rapi
618 1288 648 1323 o
680 1288 840 1339 quam
870 1270 991 1325 terit
1020 1270 1183 1323 hostis
1215 1287 1351 1339 equo
1382 1300 1455 1308 —

17 1363 20 1404 l
47 1348 73 1381 ⁸
107 1360 238 1414 pace
270 1351 363 1395 tua
391 1341 583 1395 dixisse
614 1341 795 1395 velim:
827 1350 884 1394 tu
914 1341 1144 1412 pessima
1174 1340 1305 1394 duro

18 1455 42 1483 a*
77 1466 79 1471 .
180 1431 303 1484 pars
334 1431 389 1467 es
419 1412 475 1466 in
505 1411 686 1476 exili0,
717 1421 775 1466 tu
804 1413 945 1465 mala
973 1421 1152 1465 nostra
1181 1430 1390 1482 gravas.
1858 1426 1911 1465 10

18 1492 37 1545 3
105 1492 168 1538 tu
197 1501 370 1553 neque
401 1502 494 1538 ver
523 1483 685 1537 sentis
716 1483 946 1537 cinctum
976 1483 1194 1536 florente
1226 1500 1435 1543 corona,

16 1576 19 1586 ¹
179 1563 238 1608 tu
267 1572 442 1624 neque
471 1570 763 1608 messorum
794 1571 1016 1624 corpora
1044 1553 1190 1606 nuda
1219 1552 1384 1614 vides,

36 1675 45 1690 ἦ
107 1643 206 1681 nec
235 1624 331 1678 tibi
360 1624 669 1696 pampineas
700 1632 984 1678 autumnus
1016 1623 1238 1695 porrigit
1268 1641 1424 1676 uvas:

35 1707 44 1763 ζ
180 1704 370 1750 cuncta
399 1695 493 1750 sed
522 1694 844 1749 inmodicum
874 1705 1112 1766 tempora
1141 1694 1311 1764 frigus
1343 1693 1555 1747 habent.

106 1776 167 1820 tu
195 1766 531 1838 glaciefreta
559 1766 738 1820 vincta
767 1776 936 1828 tenes,
969 1775 1021 1820 et
1050 1766 1104 1819 in
1135 1783 1363 1835 aequore
1394 1764 1555 1835 piscis
1857 1781 1907 1819 15

178 1838 413 1892 inclusus
443 1846 583 1892 tecta
613 1856 771 1908 saepe
800 1837 1002 1891 natavit
1031 1854 1186 1906 aqua.

30 1915 53 1973 ·]
105 1928 206 1964 nec
236 1908 334 1962 tibi
364 1917 486 1962 sunt
514 1908 687 1962 fontes
716 1908 884 1963 laticis
915 1908 1015 1961 nisi
1046 1925 1212 1979 paene
1243 1906 1447 1969 marini,

30 2016 31 2019 =
78 2030 80 2034 ,
180 1980 272 2050 qui
302 1988 458 2050 potus
489 1978 710 2033 dubium
742 1979 892 2032 sistat
922 1980 1095 2032 alatne
1126 1979 1283 2031 sitim.

30 2099 49 2114 ,Α
107 2070 250 2114 rara,
280 2068 453 2120 neque
484 2049 615 2104 haec
644 2050 795 2113 felix,
824 2051 879 2103 in
909 2051 1101 2120 apertis
1134 2050 1327 2103 eminet
1358 2048 1498 2101 arvis

30 2174 38 2186 „
181 2122 360 2186 arbor,
392 2131 445 2175 et
473 2121 529 2174 in
558 2130 698 2175 terra
727 2131 807 2175 est
837 2121 1001 2175 altera
1029 2121 1200 2174 forma
1229 2119 1405 2172 maris.
1853 2134 1908 2174 20

40 2248 67 2270 ,Ι
106 2211 216 2247 non
245 2193 356 2247 avis
385 2192 711 2262 obloquitur,
740 2192 841 2245 nisi
872 2192 1015 2246 silvis
1046 2191 1091 2244 si
1121 2210 1226 2261 qua
1256 2190 1469 2244 remotis

45 2262 51 2292 ²
180 2281 469 2334 aequoreas
498 2281 659 2316 rauco
689 2273 904 2334 gutture
973 2272 1083 2316 ctat
1114 2280 1294 2331 aquaS.

32 2396 34 2398 v
61 2347 69 2378 ἲ
108 2335 276 2389 tristia
305 2353 401 2406 per
430 2352 625 2388 vacuos
656 2333 870 2388 horrent
900 2354 931 2387 a
971 2333 1163 2387 sinthia
1193 2350 1425 2403 cainpOS‚

39 2356 73 2490 ᾗ
181 2405 605 2475 conveniensque
636 2423 731 2458 suo
763 2405 947 2459 messis
979 2424 1158 2457 amara
1187 2405 1319 2457 loco.

33 2491 87 2549 ⁷..ss
107 2477 246 2531 adde
276 2486 472 2540 metus,
503 2485 556 2530 et
585 2477 730 2545 quod
759 2495 941 2529 murus
972 2477 1210 2546 pulsatur
1239 2475 1307 2527 ab
1339 2474 1504 2536 hoste,
1854 2489 1908 2528 25

41 2548 59 2617 ,J
180 2548 447 2617 tinctaque
475 2547 746 2602 mortifera
775 2546 898 2601 tabe
928 2548 1121 2617 sagitta
1151 2546 1344 2607 madet,

34 2622 62 2677 3
108 2618 269 2688 quod<
282 2618 468 2690 procul
496 2618 628 2672 haec
657 2619 804 2690 regio
835 2628 912 2683 est
943 2630 995 2672 et
1025 2618 1093 2671 ab
1123 2617 1266 2670 omni
1297 2616 1452 2670 devia
1482 2634 1659 2678 cursu,

143 2703 147 2711 '
182 2707 280 2744 nec
307 2689 445 2772 pede
475 2707 580 2758 quo
610 2690 890 2759 quisquam
919 2708 1017 2743 nec
1047 2700 1158 2742 rate
1189 2698 1334 2741 tutus
1366 2698 1466 2740 eat.

30 2756 79 2835 Ξ
110 2779 219 2821 non
247 2760 410 2831 igitur
437 2760 655 2823 mirum,
685 2760 845 2814 finem
874 2760 1248 2829 quaerentibus
1280 2757 1468 2811 horum

46 2847 47 2850 ’
184 2833 348 2885 altera
378 2830 424 2884 si
452 2830 604 2883 nobis
634 2848 805 2900 usque
835 2840 1052 2901 rogatur
1081 2830 1290 2882 humus.
1464 2880 1482 2888 f
1856 2845 1911 2885 30

54 2894 62 2933 ³
108 2913 165 2957 te
194 2901 364 2972 magis
395 2910 476 2956 est
503 2901 695 2954 mirum
724 2919 831 2954 non
862 2901 962 2954 hoc
993 2901 1258 2963 evincere,
1290 2899 1536 2961 coniunx,

59 2982 62 2988 '
183 2973 343 3043 inque
374 2971 505 3026 meis
535 2972 778 3026 lacrimas
808 2990 963 3042 posse
994 2981 1172 3025 tenere
1202 2970 1370 3022 malis.

46 3054 65 3105 «T
111 3043 246 3114 quid
274 3043 439 3097 facias
450 3082 465 3107 ,
497 3043 738 3112 quaeris?
768 3061 990 3111 quaeras
1022 3042 1122 3095 hoc
1153 3041 1348 3095 scilicet
1379 3041 1578 3110 ipsum:

185 3114 448 3178 invenieS,
479 3133 603 3168 vere
633 3114 676 3167 si
706 3115 933 3184 reperire
964 3114 1125 3166 voles.

40 3186 56 3214 '-
115 3186 251 3240 velle
319 3187 470 3239 arum
500 3194 603 3239 est:
635 3204 700 3238 cu
740 3185 842 3248 iaS,
872 3194 932 3238 ut
961 3204 1016 3238 re
1047 3183 1288 3254 potiariS,
1321 3192 1545 3253 oportet,
1573 3192 1578 3196 ’
1859 3199 1913 3237 35

190 3265 242 3310 et
294 3256 433 3318 aciat
463 3274 673 3317 somnos
704 3205 835 3310 liaeo
864 3256 960 3308 tibi
991 3275 1117 3309 cura
1147 3255 1352 3308 breves.

118 3327 254 3381 velle
283 3345 401 3382 reor
430 3328 648 3381 multos:
679 3328 799 3397 quis
830 3328 970 3381 enim
1001 3326 1129 3379 mihi
1159 3336 1268 3378 tam
1300 3325 1366 3378 sit
1397 3325 1627 3394 iniquus,

52 3386 66 3442 ‘2
193 3407 339 3468 optet
367 3406 426 3450 ut
456 3398 671 3452 exilium
701 3417 832 3469 pace
863 3417 1041 3452 carere
1070 3397 1278 3451 meum?
1497 3426 1502 3430 ·

121 3479 336 3538 pectore
366 3477 420 3522 te
448 3477 558 3522 toto
589 3470 896 3539 cunctisque
927 3469 1232 3523 incumbere
1262 3468 1437 3522 nervis

200 3548 252 3594 et
282 3538 378 3592 niti
407 3557 503 3609 pro
532 3559 616 3595 me
646 3550 799 3595 nocte
830 3541 1019 3609 dieque
1051 3540 1218 3595 decet.
1865 3555 1921 3592 40
