2158 3906
371 251 440 304 22
925 265 980 308 P.
1014 264 1220 311 OVIDII
1250 266 1522 312 NASONIS

372 363 516 417 ‘hac’
549 364 623 417 ait
652 364 729 417 ‘in
759 365 913 427 silva,
943 365 1095 434 virgo
1125 367 1394 437 Tegeaea,
1424 369 1710 422 lavemurl'

443 435 653 487 erubuit
682 436 816 488 falso
846 435 1065 505 virginis
1094 437 1184 490 illa
1213 456 1357 490 son0.

371 504 575 558 dixerat
604 514 655 558 et
685 505 948 575 nymphis.
1021 508 1286 577 nymphae
1317 509 1578 563 velamina
1606 521 1834 580 ponunt:

259 591 341 631 170
441 575 577 627 hanc
607 576 793 645 pudet,
826 586 878 628 et
906 577 1087 630 tardae
1119 579 1208 630 dat
1237 581 1377 632 mala
1407 581 1560 650 signa
1589 600 1782 638 morae.

369 654 587 699 exuerat
617 646 844 698 tunicas:
876 648 1012 700 uteri
1040 649 1322 703 manifesta
1350 660 1554 704 tumore

440 716 680 785 proditur
708 717 901 770 indicio
931 719 1179 787 ponderis
1210 720 1326 790 ipsa
1356 722 1454 774 sui.

370 787 455 839 cui
486 787 584 838 dea
616 787 924 857 ‘virgineos‚
956 790 1166 858 periura
1195 790 1459 859 Lycaoni,
1491 802 1671 846 coetus

440 857 647 918 desere,
676 876 774 910 nec
806 868 975 911 castas
1005 861 1206 929 poHue’
1238 862 1370 913 dixit
1400 864 1639 931 ‘aquasl'

256 943 336 983 175
367 927 495 979 luna
523 945 722 980 novum
752 929 923 982 decies
954 930 1196 1000 implerat
1226 933 1472 985 cornibus
1503 934 1709 986 orbem:

438 1015 574 1065 quae
604 998 777 1051 fuerat
807 999 957 1069 virgo
989 1002 1210 1064 credita,
1240 1012 1408 1056 mater
1437 1013 1564 1056 erat.
1660 1010 1666 1014 ’

365 1069 510 1121 laesa
538 1068 666 1121 furit
695 1070 856 1133 Iun0‚
889 1071 1115 1124 formam
1145 1082 1421 1142 mutatque
1451 1075 1674 1144 puellae.

438 1139 567 1208 quid
597 1140 760 1193 facis?
796 1141 960 1194 invito
990 1152 1069 1196 est
1098 1153 1309 1212 pectore
1338 1164 1496 1215 passa
1523 1146 1723 1199 Iovem.

366 1218 529 1278 utque
560 1210 704 1264 ferae
734 1211 866 1264 vidit
894 1222 1074 1284 turpes
1104 1214 1159 1266 in
1188 1215 1388 1284 paelice
1418 1217 1609 1279 voltus,

255 1296 338 1337 180
439 1280 618 1335 ‘huius
646 1282 702 1335 in
732 1284 1007 1353 amplexus
1038 1285 1300 1355 Iuppiter'
1331 1286 1503 1355 inquit
1533 1287 1674 1340 ‘eat.'

365 1370 490 1404 ursa
519 1371 614 1422 per
641 1353 866 1407 incultos
898 1355 1107 1408 errabat
1138 1357 1379 1425 squalida
1408 1366 1630 1420 monteS,

436 1440 573 1490 quae
602 1423 775 1477 fuerat
804 1444 1010 1478 summo
1041 1445 1211 1497 nuper
1241 1437 1416 1481 amata
1445 1429 1579 1481 Iovi.

364 1492 471 1545 iam
501 1493 601 1547 tria
629 1494 796 1549 lustra
823 1515 956 1566 puer
985 1497 1126 1550 furto
1157 1507 1441 1569 conceptus
1472 1500 1682 1569 agebat,

437 1582 558 1617 cum
589 1573 758 1619 mater
786 1576 911 1620 nato
942 1577 1021 1621 est
1050 1568 1207 1621 obvia
1237 1569 1379 1623 facta
1409 1589 1521 1623 suo,

253 1650 333 1690 185
364 1633 454 1687 illa
483 1636 721 1704 quidem,
753 1646 1024 1707 tamquam
1056 1649 1420 1709 cognosceret,
1453 1641 1654 1693 adstitit
1684 1660 1867 1695 amens

435 1714 487 1759 et
515 1707 732 1777 gemuit.
805 1709 1035 1778 gemitus
1065 1710 1228 1764 verba
1257 1711 1488 1780 parentis
1519 1711 1689 1764 erant!

288 1823 289 1827 ,
363 1775 500 1829 hanc
530 1797 662 1847 puer
689 1777 908 1848 ignarus
938 1780 1110 1833 iaculo
1139 1781 1337 1835 fixisset
1370 1791 1542 1844 acut0‚

434 1848 489 1899 ni
518 1849 655 1902 foret
682 1848 737 1901 in
768 1869 985 1920 superas
1015 1860 1198 1922 raptus
1228 1862 1450 1921 uterque
1481 1853 1680 1905 domos,

364 1918 516 1988 signa
537 1919 832 1989 propinqua
853 1922 1065 1975 micant.
1125 1923 1268 1992 prior
1291 1933 1386 1986 est,
1411 1941 1571 1992 quam
1596 1924 1817 1977 dicimus
1841 1925 2042 1978 Arcton
2051 1945 2070 1990 ;

252 2003 333 2044 190
432 1990 801 2060 Arctophylax
831 1992 1056 2045 formam
1086 2002 1237 2063 terga
1267 1995 1532 2062 sequentis
1564 1994 1739 2048 habet.

363 2061 531 2113 saevit
561 2061 734 2115 adhuc
765 2081 1056 2133 canamque
1085 2074 1239 2134 rogat
1270 2065 1521 2119 Saturnia
1552 2065 1780 2136 Tethyn,

431 2131 757 2185 Maenaliam
788 2134 941 2186 tactis
970 2154 1037 2188 ne
1066 2135 1207 2189 lavet
1237 2136 1442 2189 Arcton
1473 2137 1639 2205 aquiS.

359 2273 545 2327 Idibus
576 2274 796 2343 agrestis
826 2275 1033 2328 fumant
1062 2277 1247 2330 altaria
1275 2278 1466 2340 Fauni,
1649 2275 1725 2320 13·
1755 2278 1804 2320 D
1830 2278 2068 2324 EID-BP

431 2344 516 2397 hic
547 2345 640 2396 ubi
671 2345 920 2398 discretas
951 2348 1135 2400 Insula
1163 2348 1360 2418 rumpit
1390 2366 1571 2416 aquas.

250 2428 329 2467 195
361 2414 494 2468 haec
523 2415 624 2467 fuit
653 2416 743 2468 illa
774 2417 908 2479 dies,
939 2417 994 2470 in
1023 2436 1130 2486 qua
1159 2419 1472 2472 Veientibus
1504 2419 1661 2472 armis

431 2495 511 2538 ter
542 2494 753 2538 centum
783 2487 964 2550 Fabii,
996 2497 1075 2541 ter
1105 2489 1340 2542 cecidere
1372 2490 1493 2541 duo.

360 2575 467 2609 una
497 2556 683 2609 domus
714 2557 851 2609 vires
883 2567 934 2611 et
964 2577 1095 2611 onus
1128 2570 1430 2629 susceperat
1460 2560 1628 2613 urbis:

432 2636 646 2680 sumunt
674 2629 897 2697 gentiles
929 2648 1075 2682 arma
1103 2631 1343 2699 professa
1370 2650 1583 2683 manus:

361 2698 630 2767 egreditur
659 2699 840 2751 castris
874 2700 1020 2753 miles
1050 2719 1336 2770 generosus
1368 2702 1436 2753 ab
1465 2702 1649 2764 isdem,

242 2783 330 2822 200
431 2788 460 2821 e
490 2769 608 2837 quis
639 2769 748 2822 dux
777 2770 890 2822 fieri
918 2771 1139 2838 quilibet
1168 2781 1322 2841 aptus
1353 2781 1480 2825 erat.

360 2837 659 2892 Carmentis
689 2849 871 2909 portae
902 2842 1086 2894 dextro
1116 2852 1195 2896 est
1224 2843 1311 2895 via
1340 2844 1579 2913 proxima
1611 2844 1758 2897 Iano·

429 2910 504 2962 ire
535 2929 630 2980 per
659 2911 794 2964 hanc
823 2912 954 2974 noli,
986 2913 1223 2981 quisquis
1254 2932 1521 2979 es:,omen
1551 2914 1726 2968 habet.

280 3016 282 3018 >
357 2980 448 3033 illa
476 2981 620 3034 fama
649 2981 810 3035 refert
838 2982 1036 3036 Fabios
1068 2984 1236 3037 exisse
1267 2994 1529 3037 trecentos

244 3137 327 3177 205
359 3130 418 3174 ut
448 3123 603 3174 celeri
633 3141 792 3191 passu
826 3122 1133 3177 Cremeram
1163 3124 1382 3194 tetigere
1413 3144 1674 3194 rapacem,
1704 3155 1780 3166 —-·

428 3193 670 3245 turbidus
700 3193 932 3246 hibernis
960 3195 1048 3247 ille
1079 3196 1277 3247 fluebat
1306 3196 1456 3262 aquis
1488 3226 1558 3232 —

358 3271 530 3316 castra
558 3264 674 3315 loco
704 3273 928 3332 ponunt3
962 3264 1219 3316 destrictis
1251 3266 1464 3318 ensibus
1495 3266 1595 3335 ipsi

429 3332 765 3403 Tyrrhenum
795 3334 968 3386 valido
999 3335 1174 3387 Marte
1206 3354 1300 3404 per
1337 3355 1528 3405 agmen
1559 3347 1709 3390 eunt:

357 3421 464 3457 non
495 3404 666 3467 aliter,
698 3422 858 3473 quam
890 3424 1011 3458 cum
1040 3405 1248 3474 Libyca
1278 3406 1343 3459 de
1372 3416 1529 3476 gente
1559 3408 1737 3462 leones
