2158 3906
378 320 482 374 238
929 332 984 376 Ρ.
1018 332 1225 378 OVIDII
1254 331 1526 380 NASONIS

297 452 348 491 15
379 453 477 487 nec
506 433 606 487 nisi
636 433 778 501 quod
807 433 1044 503 prodest,
1075 452 1256 487 carum
1287 444 1389 498 est,
1422 445 1496 498 et,
1529 436 1744 491 detrahe
1774 439 1938 492 menti

453 524 599 574 spem
629 505 831 556 fructus
863 504 1073 567 avidae,
1103 524 1259 558 nemo
1289 506 1548 575 petendus
1580 508 1691 560 erit.

381 584 434 627 at
463 575 660 635 reditus
690 575 795 626 iam
826 575 1049 643 quisque
1080 594 1201 628 suos
1234 586 1397 638 amat,
1430 585 1482 630 et
1511 578 1612 630 sibi
1642 578 1771 647 quid
1800 578 1868 632 sit

452 646 602 707 utile,
635 645 867 698 sollicitis
899 654 1150 715 supputat
1181 647 1431 700 articulis.

378 715 510 767 illud
541 715 801 769 amicitiae
832 717 1099 784 quondam
1129 718 1430 771 venerabile
1460 738 1657 773 numen

295 803 349 842 20
450 794 650 855 prostat
680 795 731 839 et
759 786 815 839 in
844 796 1068 854 quaestu
1097 806 1193 857 pro
1223 789 1496 842 meretrice
1527 791 1689 844 sedet.

380 874 485 925 quo
516 857 686 926 magis
717 857 967 921 admiror,
998 876 1128 921 non,
1159 867 1219 911 ut
1248 860 1566 914 torrentibus
1596 862 1771 926 undiS,

452 927 744 980 communis
775 928 886 980 vitii
917 938 968 982 te
999 947 1209 997 quoque
1240 930 1359 983 labe
1389 930 1542 985 trahi.

381 998 616 1067 diligitur
644 1017 823 1061 nemo,
854 999 955 1051 nisi
986 1000 1071 1052 cui
1100 1000 1312 1054 fortuna
1342 1002 1574 1054 secunda
1604 1011 1705 1055 est:

451 1087 586 1136 quae
618 1070 773 1122 simul
801 1069 1051 1133 intonuit,
1081 1071 1322 1140 proxima
1351 1090 1593 1140 quaeque
1623 1073 1795 1142 fugat.

295 1156 348 1195 25
380 1158 445 1192 en
476 1159 599 1209 eg0‚
632 1159 739 1193 non
768 1141 951 1211 paucis
982 1142 1250 1209 quondam
1280 1143 1514 1196 munitus
1546 1144 1743 1205 amiciS‚

452 1211 578 1263 dum
607 1211 754 1264 flavit
785 1212 914 1265 velis
946 1231 1075 1265 aura
1106 1213 1338 1266 secunda
1366 1214 1514 1275 meis,

378 1290 436 1334 ut
467 1281 579 1335 fera
608 1283 848 1335 nimboso
879 1293 1185 1337 tumuerunt
1216 1302 1447 1354 aequora
1476 1294 1650 1349 vent0,

449 1353 504 1404 in
533 1353 718 1406 mediis
748 1355 921 1407 lacera
949 1374 1085 1407 nave
1115 1355 1384 1423 relinquor
1413 1356 1580 1424 aquis.

380 1441 605 1491 cumque
636 1425 723 1477 alii
752 1425 921 1477 nolint
951 1426 1109 1479 etiam
1139 1446 1223 1479 me
1254 1445 1409 1480 nosse
1441 1426 1625 1490 videri,

293 1509 348 1549 30
450 1495 539 1546 vix
570 1495 674 1547 duo
704 1496 937 1564 proiecto
969 1506 1141 1550 tresve
1171 1497 1361 1550 tulistis
1393 1516 1564 1567 opem.

380 1583 603 1634 quorum
627 1575 684 1618 tu
706 1566 968 1636 princeps,
1014 1586 1187 1636 neque
1219 1569 1359 1621 enim
1390 1587 1565 1621 comes
1597 1586 1727 1631 esse,
1760 1568 1854 1624 sed
1882 1575 2086 1632 auctor,

448 1655 545 1689 nec
574 1646 752 1704 petere
782 1639 1106 1707 exemplum,
1139 1639 1232 1691 sed
1262 1639 1387 1691 dare
1419 1639 1611 1709 dignus
1642 1658 1775 1693 eras.

378 1715 453 1769 te,
484 1707 613 1759 nihil
644 1727 709 1760 ex
740 1717 880 1771 act0,
911 1709 1011 1761 nisi
1041 1728 1146 1762 non
1177 1728 1447 1778 peccasse,
1478 1718 1761 1779 petentem,

452 1787 635 1846 sponte
667 1798 762 1831 sua
792 1780 1026 1848 probitas
1058 1780 1397 1849 officiumque
1427 1781 1591 1834 iuvat.

293 1862 347 1901 35
378 1847 551 1901 iudice
581 1857 632 1901 te
662 1850 904 1902 mercede
936 1860 1078 1903 caret
1107 1869 1202 1920 per
1231 1869 1392 1919 seque
1421 1851 1650 1922 petenda
1679 1860 1758 1905 est

450 1919 677 1972 externis
708 1921 873 1972 virtus
903 1920 1208 1974 incomitata
1238 1922 1406 1974 boniS.

376 1998 529 2060 turpe
559 2000 714 2059 putas
745 1991 911 2060 abigi,
943 1992 1068 2059 quia
1098 1992 1164 2045 sit
1192 1993 1547 2056 miserandus,
1579 1993 1825 2059 amicum,

448 2061 696 2129 quodque
728 2062 793 2114 sit
821 2062 1030 2124 infelix,
1063 2063 1300 2117 desinere
1331 2083 1444 2118 esse
1475 2074 1642 2117 tuum.

375 2131 555 2184 mitius
587 2141 665 2184 est
694 2133 833 2185 lasso
865 2133 1088 2203 digitum
1119 2154 1414 2205 supponere
1445 2145 1640 2198 mentO,

289 2217 345 2257 40
446 2221 684 2272 mergere
716 2222 875 2272 quam
905 2205 1116 2272 liquidis
1148 2224 1240 2259 ora
1268 2207 1497 2259 natantis
1529 2206 1696 2275 aquis.

319 2276 325 2278 “
377 2292 554 2335 cerne,
586 2274 714 2342 quid
743 2275 1007 2328 Aeacides
1038 2286 1158 2346 post
1187 2286 1408 2331 mortem
1437 2286 1670 2347 praestet
1699 2277 1897 2332 amico:

446 2345 610 2397 instar
641 2354 692 2398 et
721 2345 858 2398 hanc
888 2347 1050 2399 vitam
1079 2349 1261 2400 mortis
1291 2348 1486 2402 habere
1515 2358 1660 2418 puta.

374 2414 674 2467 Pirithoum
702 2416 941 2469 Theseus
974 2417 1188 2487 Stygias
1220 2419 1489 2471 comitavit
1518 2419 1586 2471 ad
1615 2419 1806 2473 undas:

447 2505 478 2537 a
510 2485 698 2555 Stygia
728 2497 986 2555 quantum
1017 2507 1127 2540 sors
1158 2509 1277 2542 mea
1307 2490 1466 2542 distat
1496 2490 1665 2558 aqua?

289 2571 343 2610 45
377 2556 546 2608 adfuit
575 2557 759 2609 insano
789 2558 994 2610 iuvenis
1024 2559 1270 2612 Phoceus
1302 2558 1550 2613 Orestae:

448 2636 499 2679 et
528 2646 646 2680 mea
675 2646 780 2680 non
810 2629 1084 2681 minimum
1117 2631 1274 2700 culpa
1303 2630 1493 2683 furoris
1523 2631 1700 2684 habet..

374 2706 432 2749 tu
464 2715 675 2766 quoque
706 2718 1018 2768 magnorum
1048 2701 1232 2754 laudes
1264 2701 1479 2754 admitte
1510 2702 1759 2765 virorum,

445 2778 505 2820 ut
534 2769 688 2832 faciS,
719 2779 771 2822 et
800 2771 972 2840 laps0,
1005 2789 1166 2839 quam
1196 2781 1369 2842 potes,
1402 2772 1551 2826 adfer
1581 2792 1752 2843 opem.

375 2840 419 2891 si
450 2839 584 2893 bene
615 2849 667 2893 te
696 2841 844 2903 novi,
877 2842 944 2905 si,
974 2843 1065 2910 qui
1094 2843 1240 2912 prius
1271 2863 1386 2897 esse
1417 2844 1641 2905 solebaS,

287 2925 343 2964 50
445 2929 586 2963 nunc
617 2929 829 2980 quoque
860 2932 939 2976 eS,
971 2922 1128 2982 atque
1159 2914 1321 2966 animi
1350 2933 1457 2967 non
1488 2914 1721 2968 cecidere
1751 2915 1854 2969 tui:

374 2999 479 3050 quo
510 2982 722 3035 fortuna
751 2984 922 3053 magis
954 2985 1143 3047 saevit,
1174 2986 1344 3054 magis
1375 2986 1488 3056 ipse
1518 2985 1733 3049 resistis,

444 3061 607 3120 utque
639 3054 812 3117 decet,
843 3074 910 3108 ne
940 3064 991 3108 te
1022 3055 1204 3109 vicerit
1232 3057 1346 3119 illa,
1378 3075 1550 3119 caves,

374 3132 424 3175 et
454 3124 587 3176 bene
617 3125 694 3176 uti
722 3144 952 3195 pugneS,
984 3127 1117 3180 bene
1146 3145 1390 3196 pugnans
1422 3128 1583 3181 efficit
1611 3126 1790 3179 hostiS.

445 3194 518 3245 sic
550 3195 733 3247 eadem
763 3197 976 3265 prodest
1006 3215 1165 3249 causa
1194 3207 1451 3266 nocetque
1481 3197 1625 3249 mihi.

287 3279 341 3318 55
375 3264 571 3316 scilicet
600 3265 900 3335 indignum,
932 3267 1135 3319 iuvenis
1168 3268 1457 3330 carissime,
1490 3268 1655 3329 ducis,

443 3345 494 3387 te
525 3335 638 3387 fieri
667 3337 912 3389 comitem
943 3338 1125 3389 stantis
1155 3338 1209 3389 in
1241 3338 1366 3391 orbe
1398 3338 1542 3391 (leae.

370 3405 552 3458 firmus
583 3425 662 3468 eS,
693 3416 745 3459 et
774 3407 1022 3475 quoniam
1053 3426 1159 3460 non
1190 3417 1310 3460 sunt
1341 3427 1425 3471 ea,
1458 3409 1637 3477 qualia
1668 3410 1847 3474 velleS,

443 3476 560 3529 vela
588 3477 727 3547 regis
758 3495 981 3547 quassae
1012 3478 1414 3549 qualiacumque
1445 3480 1586 3534 ratis.
