2158 3906
270 396 273 400 ,
306 346 620 393 TRISTIUM
650 348 770 392 LIB.
803 348 864 392 11.
898 347 1137 393 503-578.
1170 346 1290 392 LIB.
1324 346 1410 391 111.
1443 347 1481 404 1,
1515 347 1640 391 1—8.

122 470 190 506 ne
219 459 394 503 tamen
427 467 580 502 omne
612 469 788 503 meum
821 449 1002 503 credas
1034 467 1166 520 opus
1197 468 1311 503 esse
1341 448 1645 504 remissum:

196 538 351 592 saepe
382 519 503 574 dedi
533 531 742 574 nostrae
773 520 995 603 grandia
1028 522 1143 573 vela
1172 520 1287 573 rati.

125 611 217 646 sex
247 609 346 662 ego
376 590 659 644 Fastorum
690 591 874 662 scripsi
905 591 1229 660 totidemque
1259 591 1481 655 libellos,

195 679 421 731 cumque
452 681 547 715 suo
577 662 735 715 finem
767 681 947 715 mense
978 662 1224 715 volumen
1255 662 1430 716 habet.

122 733 280 803 idque
311 742 402 786 tuo
431 751 600 803 nuper
631 732 885 803 scriptum
916 732 1015 785 sub
1044 733 1278 797 nomine,
1313 730 1529 796 Caesar,

195 813 244 857 et
274 803 369 856 tibi
401 813 663 857 sacratum
695 822 806 856 sors
838 823 956 862 mea
986 804 1128 874 rupit
1157 821 1307 875 opus.

123 883 176 930 et
205 874 444 928 dedimus
475 875 688 945 tragicis
719 874 970 945 scriptum
1000 875 1177 945 regale
1209 875 1459 938 coturniS,

193 963 433 1015 quaeque
463 946 640 1016 gravis
673 945 831 1000 debet
860 946 1022 999 verba
1053 955 1302 999 coturnus
1333 945 1507 1000 habet.

123 1016 366 1086 dictaque
397 1026 519 1070 sunt
546 1016 725 1080 nobis,
757 1017 999 1085 quamvis
1030 1036 1216 1070 manus
1247 1017 1432 1070 ultima
1461 1025 1647 1087 coepto

193 1087 384 1150 defuit,
415 1087 469 1141 in
500 1087 662 1142 facies
694 1106 913 1158 corpora
943 1107 1097 1141 versa
1124 1106 1306 1141 novas.

121 1167 280 1227 atque
309 1158 512 1212 utinam
542 1177 758 1212 revoces
789 1159 1022 1212 animum
1052 1159 1319 1228 paulisper
1350 1159 1416 1211 ab
1445 1158 1524 1211 ira

193 1238 245 1282 et
274 1248 442 1283 vacuo
472 1230 655 1284 iubeas
686 1229 808 1283 hinc
839 1229 933 1282 tibi
965 1247 1135 1300 pauca
1163 1229 1286 1298 legi,

63 1307 66 1309 ’
119 1317 314 1372 pauca,
346 1300 537 1369 quibus
568 1300 738 1383 prima
769 1319 990 1370 surgens
1021 1300 1089 1352 ab
1121 1299 1322 1368 origine
1354 1298 1538 1352 mundi

190 1370 244 1424 in
275 1380 366 1424 tua
398 1371 592 1425 deduxi
622 1381 883 1441 tempora,
917 1368 1140 1433 Caesar,
1171 1388 1327 1439 opus:

121 1440 367 1512 aspicies,
401 1451 655 1512 quantum
687 1441 892 1495 dederis
923 1441 1051 1493 mihi
1082 1440 1309 1511 pectoris
1341 1441 1470 1510 ipse,

192 1531 401 1581 quoque
432 1512 613 1566 favore
644 1512 803 1565 animi
835 1522 992 1580 teque
1024 1521 1247 1580 tuosque
1279 1510 1491 1564 canam!

120 1601 228 1637 non
254 1601 360 1654 ego
390 1583 624 1637 mordaci
655 1582 907 1637 destrinxi
938 1581 1168 1636 carmine
1198 1600 1537 1651 quemquam,

190 1672 287 1708 nec
317 1673 466 1708 meus
497 1654 653 1707 ullius
685 1654 903 1707 crimina
933 1672 1117 1706 versus
1149 1653 1326 1707 habet.

121 1725 373 1779 candidus
405 1744 436 1779 a
467 1725 664 1779 salibus
695 1724 910 1779 suffusis
941 1725 1062 1778 felle
1095 1724 1286 1795 refugi,

190 1797 335 1849 nulla
364 1805 623 1851 venenato
653 1796 826 1850 littera
853 1796 1020 1849 mixta
1050 1796 1165 1849 ioco
1196 1807 1290 1849 est.

119 1866 255 1920 inter
285 1875 361 1921 tot
390 1868 593 1938 populi,
625 1877 703 1921 tot
733 1867 962 1938 scriptiS,
996 1867 1139 1919 milia
1169 1867 1351 1929 nostri,

191 1956 349 2007 quem
378 1957 498 1992 mea
529 1937 768 2009 Calliope
798 1938 1031 2001 laeserit,
1063 1958 1201 1991 unus
1232 1957 1350 2007 ego.

119 2027 226 2062 non
254 2009 416 2080 igitur
444 2009 635 2063 nostris
666 2010 831 2062 ullum
862 2009 1095 2080 gaudere
1128 2008 1394 2076 Quiritem

191 2098 446 2151 auguror,
471 2090 530 2133 'at
559 2081 752 2134 multos
783 2080 1071 2134 indoluisse
1102 2080 1277 2143 malis3

117 2169 217 2205 nec
248 2151 376 2204 mihi
406 2151 654 2205 credibile
687 2161 788 2214 est,
820 2169 1142 2220 quemquam
1172 2151 1454 2204 insultasse
1485 2150 1694 2214 iacenti,

189 2221 361 2292 gratia
391 2222 606 2275 candori
636 2222 681 2275 si
711 2240 817 2290 qua
846 2223 1012 2275 relata
1043 2240 1160 2276 meo
1192 2230 1283 2276 est..
1315 2252 1386 2259 —

118 2292 224 2357 his,
254 2311 462 2364 precor,
494 2303 652 2362 atque
684 2293 798 2346 aliis
828 2293 1032 2364 possint
1061 2303 1153 2346 tua
1181 2293 1400 2346 numina
1430 2292 1586 2355 flecti,

191 2382 222 2416 o
252 2373 425 2435 pater,
456 2382 488 2417 o
517 2364 718 2435 patriae
749 2382 876 2418 cura
906 2364 1153 2433 salusque
1185 2374 1331 2417 tuae:

120 2453 227 2488 non
256 2444 315 2488 ut
343 2435 398 2488 in
430 2435 725 2489 Ausoniam
755 2435 992 2498 redeam,
1023 2435 1124 2488 nisi
1154 2434 1374 2488 forsitan
1406 2435 1548 2497 olim,

191 2524 310 2559 curn
339 2507 499 2577 longo
529 2525 731 2577 poenae
763 2516 998 2577 tempore
1028 2506 1198 2560 victus
1231 2506 1355 2561 eris:

122 2577 283 2630 tutius
314 2577 528 2630 exilium
558 2578 823 2648 pauloque
854 2577 1082 2647 quietius
1113 2596 1223 2642 or0‚

192 2657 249 2700 ut
277 2666 373 2719 par
403 2648 593 2703 delicto
624 2649 692 2703 sit
721 2668 840 2703 mea
868 2667 1041 2720 poena
1071 2667 1184 2702 suo·

711 2803 906 2848 LIBER
935 2803 1227 2852 TERTIUS.

952 2905 997 2958 Ι.

122 3004 344 3057 ‘Missus
375 3004 429 3057 in
459 3003 595 3058 hanc
627 3005 781 3059 venio
812 3005 1019 3068 timide,
1050 3005 1183 3059 liber
1213 3005 1406 3069 exulis,
1438 3006 1646 3059 urbem:

193 3075 551 3146 daplacidam
581 3076 746 3139 fess0,
777 3077 941 3130 lector
971 3076 1163 3140 amice,
1195 3096 1427 3129 manum.

122 3164 254 3200 neve
282 3146 591 3210 reformida,
622 3166 688 3200 ne
722 3147 818 3200 sim
850 3147 945 3200 tibi
975 3147 1110 3202 forte
1140 3147 1352 3218 pudori:

193 3217 366 3270 nullus
397 3217 451 3270 in
482 3217 581 3270 hac
613 3218 794 3271 charta
824 3238 1007 3272 versus
1038 3238 1215 3272 amare
1247 3219 1414 3273 docet.

124 3285 253 3340 haec
283 3287 479 3341 domini
509 3289 721 3342 fortuna
752 3290 856 3343 mei
887 3300 990 3353 est,
1021 3300 1077 3342 ut
1110 3290 1299 3344 debeat
1330 3291 1474 3343 illam

193 3356 375 3412 infelix
404 3359 559 3412 nullis
592 3360 920 3415 dissimulare
950 3361 1095 3415 iocis.

123 3425 179 3479 id
206 3445 439 3497 quoque,
470 3431 613 3498 quod
642 3431 794 3484 viridi
826 3432 1093 3501 quondam
1125 3433 1263 3486 male
1293 3433 1418 3486 lusit
1447 3433 1502 3485 in
1534 3452 1681 3496 aev0,

194 3497 298 3552 heu
328 3499 547 3554 nimium
577 3520 692 3555 sero
721 3532 794 3541 -
823 3503 1038 3556 damnat
1069 3514 1119 3557 et
1150 3504 1260 3558 odit
1291 3523 1440 3575 opus.

1465 3589 1547 3630 10*

1731 335 1830 387 147

1861 677 1949 716 550

1803 1039 1810 1046 ‘
1860 1032 1943 1071 555

1863 1384 1946 1423 560

1863 1740 1946 1779 505

1863 2097 1949 2135 570

1863 2453 1946 2491 575
