2158 3906
542 339 892 387 FASTORUM
919 339 1042 385 LIB.
1072 339 1155 386 VI.
1186 340 1427 385 254—341.

209 443 439 527 effigiem
471 442 670 495 nullam
701 443 868 496 Vesta
896 460 995 495 nec
1023 441 1161 512 ignis
1191 441 1366 495 habet.

138 523 241 570 stat
268 534 320 568 vl
351 523 489 568 terra
520 532 639 566 sua:
676 513 728 565 vi
759 513 945 565 stando
976 512 1144 567 Vesta
1173 522 1414 575 vocatur3

209 601 473 653 causaque
504 602 600 654 par
630 582 763 637 Grai
792 583 1019 636 nominis
1050 602 1165 637 esse
1194 593 1381 653 potest.

137 663 191 710 at
219 655 371 709 focus
399 673 432 708 a
459 654 685 708 flammis
716 664 769 706 et
798 654 942 723 quod
971 654 1116 708 fovet
1146 654 1345 717 omnia,
1377 653 1572 708 dictus:

207 725 298 796 qui
326 734 504 780 tamen
533 724 588 778 in
616 724 799 795 primis
832 724 1051 778 aedibus
1083 734 1205 779 ante
1234 725 1350 778 fuit.

135 796 257 851 hinc
287 813 498 866 quoque
528 795 848 849 vestibulum
879 795 982 848 dici
1011 814 1144 849 reor.
1211 795 1333 850 inde
1363 797 1626 866 precando

205 866 510 939 praefamur
536 866 782 930 Vestam,
814 884 950 935 quae
980 866 1097 919 loca
1125 866 1297 937 prima
1326 876 1483 921 tenet.

136 948 257 993 ante
286 938 434 992 focos
465 937 590 991 olim
621 937 849 991 scamnis
879 937 1149 991 considere
1178 938 1350 1008 longis

205 1028 319 1063 mos
351 1017 487 1073 erat,
518 1017 570 1063 et
599 1027 813 1063 mensae
844 1008 1056 1062 credere
1086 1007 1271 1062 adesse
1303 1009 1445 1062 deos.

133 1098 275 1134 nunc
305 1098 540 1149 quoque,
571 1097 690 1133 cum
721 1079 855 1132 fiunt
884 1079 1131 1147 antiquae
1162 1097 1311 1133 sacra
1340 1080 1614 1143 Vacunae,

205 1160 326 1204 ante
357 1151 656 1205 Vacunales
689 1159 934 1218 stantque
965 1150 1252 1218 sedentque
1283 1150 1446 1203 focos.

133 1222 277 1275 venit
306 1222 360 1274 in
389 1221 486 1274 hos
517 1239 684 1275 annos
714 1220 914 1288 aliquid
944 1220 1010 1273 de
1039 1238 1185 1273 more
1216 1230 1443 1273 vetusto:

65 1308 68 1309 ⁷
129 1335 134 1341 .
203 1291 305 1346 fert
335 1290 520 1344 missos
550 1291 749 1346 Vestae
778 1309 912 1360 pura
980 1290 1136 1343 atella
1165 1290 1327 1342 cibos.

135 1381 256 1417 ecce
287 1361 550 1415 coronatis
616 1361 729 1414 anis
761 1361 931 1443 depen
972 1369 1023 1414 et
1053 1360 1244 1419 asellis,

204 1442 254 1487 et
283 1433 460 1487 velant
491 1450 580 1486 sca
619 1450 704 1485 ras
734 1431 921 1484 florida
950 1440 1090 1484 serta.
1118 1431 1301 1484 molas.

134 1505 245 1559 sola
310 1502 419 1557 rius
447 1502 617 1556 furnis
647 1502 916 1556 torrebant
945 1501 1088 1555 farra
1117 1502 1287 1555 coloni
1316 1532 1390 1542 -

205 1583 255 1628 et
333 1573 564 1628 ornacali
594 1582 717 1627 sunt
747 1592 844 1626 sua
874 1590 1024 1626 sacra
1055 1572 1185 1626 deae
1215 1594 1310 1625 -ε

135 1644 465 1716 suppositum
494 1644 657 1699 cineri
686 1662 879 1715 panem
909 1643 1061 1697 focus
1090 1644 1202 1714 ipse
1235 1644 1471 1714 parabat,

205 1725 468 1784 strataque
499 1724 611 1770 erat
639 1715 817 1785 tepido
850 1715 1030 1768 terrula
1059 1732 1253 1783 quassa
1285 1716 1412 1767 5010.

131 1786 254 1841 inde
283 1786 463 1840 focum
494 1795 668 1841 servat
698 1786 864 1857 pistor
893 1758 1266 1855 dominamque
1297 1787 1562 1851 focorum,

204 1867 256 1912 et
286 1876 422 1927 quae
451 1857 722 1928 pumiceas
753 1867 928 1911 versat
959 1857 1121 1911 asella
1149 1857 1332 1909 molas,

131 1937 457 2001 praeteream
487 1928 782 1983 referamne
812 1937 988 1991 tuum,
1018 1928 1310 1981 rubicunde
1340 1928 1553 1998 Priape,

205 1999 468 2054 dedecus?
499 2007 578 2053 est
608 1999 759 2052 multi
789 1999 971 2052 fabula
1000 2017 1165 2068 parva
1194 1998 1310 2051 ioci.

134 2070 394 2140 turrigera
423 2069 652 2123 frontem
684 2068 885 2139 Cybele
916 2069 1160 2122 redimita
1190 2086 1383 2123 corona

206 2148 460 2194 convocat
490 2149 730 2194 aeternos
761 2140 830 2193 ad
860 2158 956 2193 sua
984 2139 1120 2193 festa
1150 2140 1291 2192 deos.

134 2220 390 2265 convocat
419 2219 471 2265 et
501 2220 704 2280 satyros
734 2220 810 2274 et,
839 2210 1036 2264 rustica
1065 2211 1305 2273 numina,
1337 2211 1624 2282 nymphas3

206 2281 443 2346 Silenus,
473 2282 714 2351 quamvis
742 2300 898 2336 nemo
929 2291 1166 2344 vocarat,
1199 2282 1362 2335 adest.

132 2371 230 2407 nec
258 2353 405 2415 licet,
436 2361 488 2407 et
516 2353 735 2423 longum
766 2362 868 2415 est,
901 2353 1083 2423 epulas
1104 2371 1327 2407 narrare
1359 2353 1594 2406 deorum.

203 2423 258 2477 in
287 2424 454 2478 multo
483 2441 590 2476 nox
621 2433 699 2477 est
727 2423 1042 2493 pervigilata
1071 2441 1232 2476 merc.

67 2522 74 2525 x
133 2493 188 2547 hi
218 2504 414 2549 temere
445 2494 691 2548 errabant
719 2494 774 2547 in
804 2512 1002 2564 opacae
1033 2494 1260 2547 vallibus
1289 2495 1443 2548 Idae:

203 2584 324 2636 pars
353 2565 490 2620 iacet
519 2575 572 2619 et
600 2565 745 2619 molli
774 2565 1014 2636 gramine
1043 2566 1283 2619 membra
1311 2566 1474 2619 levat:

133 2634 189 2689 hi
216 2636 428 2690 ludunt:
459 2635 556 2690 hos
587 2654 803 2689 somnus
834 2636 1018 2690 habet:
1047 2655 1171 2706 pars
1200 2637 1448 2690 bracchia
1477 2638 1639 2691 nectit

206 2717 258 2761 et
287 2707 509 2761 viridem
540 2708 696 2761 celeri
726 2717 806 2760 ter
834 2707 969 2777 pede
1000 2708 1178 2777 pulsat
1207 2707 1444 2760 humum.

133 2777 301 2832 Vesta.
328 2778 463 2832 iacet
491 2778 859 2849 placidamque
889 2778 1030 2847 capit
1058 2796 1244 2831 secura
1273 2779 1523 2846 quietem,

205 2849 339 2902 sicut
369 2857 504 2911 erat,
534 2848 765 2918 positum
796 2848 1026 2917 caespite
1056 2848 1191 2901 fulta
1221 2859 1395 2918 caput.

134 2927 188 2973 at
216 2919 376 2973 ruber
404 2918 677 2972 hortorum
708 2928 885 2980 custos
914 2919 1282 2988 nymphasque
1313 2920 1546 2987 deasque

205 2998 383 3060 captat
412 2998 464 3044 et
495 2999 726 3044 errantes
755 2989 962 3057 fertque
992 2989 1257 3058 refertque
1288 2990 1465 3059 pedeS.

135 3060 321 3131 aspicit
349 3069 403 3114 et.
429 3060 669 3115 Vestam.
743 3059 989 3122 dubium,
1017 3060 1375 3130 nymphamne
1407 3062 1604 3130 putarit

205 3151 272 3184 an
303 3130 478 3186 scierit
506 3132 751 3186 Vestam:
784 3131 943 3184 scisse
974 3131 1068 3184 sed
1095 3131 1209 3200 ipse
1239 3142 1414 3201 negat.

137 3219 284 3272 spem
313 3202 455 3273 capit
484 3202 767 3256 obscenam
796 3201 1083 3270 furtimque
1114 3203 1363 3255 accedere
1394 3212 1616 3272 temptat

135 3293 141 3296 ·
207 3283 260 3326 et
287 3273 389 3327 fert
418 3292 700 3344 suspensos
730 3273 886 3326 corde
915 3273 1143 3326 micante
1172 3273 1386 3342 gradus.

137 3341 270 3397 forte
301 3347 482 3406 senex,
513 3363 618 3414 quo
649 3354 830 3398 vectus
861 3353 994 3406 erat,
1028 3342 1240 3397 Silenus
1272 3344 1492 3397 asellum

207 3413 430 3482 liquerat
459 3415 527 3468 ad
555 3415 696 3485 ripas
725 3416 843 3469 lene
875 3415 1105 3467 sonantis
1136 3432 1322 3483 aquae.

138 3481 272 3547 ibat,
303 3494 361 3538 ut
389 3485 642 3555 inciperet
671 3486 816 3556 longi
847 3486 975 3539 deus
1007 3486 1356 3555 Hellesponti,

1740 329 1844 382 105

1875 600 1963 640 300

1875 955 1961 995 305

1875 1311 1962 1350 310

1875 1664 1959 1703 315

1875 2019 1960 2058 320

1874 2373 1958 2412 325

1872 2727 1961 2766 330

1872 3081 1956 3119 335

1872 3435 1960 3472 340
