2158 3906
244 296 447 334 'XXVIII
1012 295 1312 331 PRAEFATIO.

247 407 330 440 om.
393 391 447 435 72
474 388 739 434 barbariore
800 388 855 432 74
885 401 984 494 ero&
1004 389 1144 431 recte?
1175 388 1342 446 elapsis
1363 415 1380 422 -
1400 389 1580 434 braccis
1619 390 1674 434 51
1694 390 1755 434 Et
1769 405 1814 448 p.
1856 392 1912 435 52
1932 392 2071 436 Hoc-

248 455 304 499 75
339 458 548 499 cantatur
607 454 661 496 76
696 453 881 495 flamma
989 483 1000 505 ,
1029 451 1055 493 1
1083 450 1143 494 Et
1173 464 1282 496 sono
1318 457 1388 496 est
1445 455 1502 497 54
1529 458 1700 510 queant
1756 454 1811 498 57
1838 454 1899 497 Et
1923 456 2071 512 pudet
2124 495 2127 498 ,

247 512 360 566 quid
398 512 426 555 3
442 524 529 567 que
547 525 627 551 om.
647 535 662 541 -
678 509 900 552 malorum
937 507 1142 551 4inuali-
1165 516 1272 564 puto
1294 534 1311 542 -
1331 510 1380 567 1.]
1401 510 1562 568 lingua
1600 511 1657 554 58
1676 513 1756 567 in]
1778 511 1905 568 loqui
1945 512 2000 555 59
2023 515 2071 565 et

247 571 424 625 dusque
464 569 491 610 6
510 566 575 608 At
614 566 668 610 12
689 564 962 608 accederent
1000 564 1055 607 19
1076 564 1141 621 d.]
1173 579 1253 609 om.
1303 566 1360 610 60
1378 566 1429 624 1.]
1450 567 1578 624 loqui
1616 568 1672 610 66
1692 568 1941 612 submoneo
1959 567 2070 612 mali

246 625 408 668 labens
428 621 614 675 (laboris
634 639 657 669 ς
677 629 788 664 recte
798 624 833 675 ἓ)
886 621 945 663 24
971 619 1142 677 sapori-
1172 627 1228 671 68
1246 629 1310 672 sic
1351 621 1406 673 8.
1428 645 1525 673 cum
1537 632 1689 686 priore
1705 633 1896 674 cohaeret
1935 631 1963 674 2
1983 631 2070 674 sim
2127 634 2129 639 '

248 687 396 730 ferum
435 686 489 728 26
510 685 672 742 pennis
712 683 769 726 30
788 687 960 727 tractas
999 683 1069 728 33.
1088 684 1142 728 77
1173 698 1254 728 om.
1302 686 1330 728 3
1351 685 1486 738 Quod
1504 690 1537 731 t.
1593 689 1621 730 5
1640 688 1837 731 reddant
1857 687 2070 731 comitem

247 758 332 787 nec
372 744 427 786 35
444 747 551 785 nota
568 745 637 784 est
652 740 771 795 (fort.
789 740 936 795 floret)
977 740 1034 784 36
1053 740 1144 784 fuit
1173 740 1245 799 (ex
1264 754 1439 786 comem
1458 751 1498 786 et
1516 743 1675 787 mitem
1694 752 1833 788 ortum
1842 747 1879 798 ?)
1927 744 1954 787 9
1976 744 2071 787 exi-

248 816 329 842 am.
359 800 417 843 -10
433 803 478 841 et
494 798 640 841 fracto
664 797 721 839 43
737 810 912 840 sacrem
928 797 1144 852 quamuix
1173 801 1256 854 gat
1281 802 1330 841 at
1357 802 1529 856 (γραεξ)
1562 813 1708 857 penas
1733 815 1777 844 u.
1806 800 1994 844 ranusia
2021 816 2068 858 p.

246 857 389 898 inisus
422 856 479 898 45
495 869 649 897 novum
668 868 840 897 carmen
857 854 1054 910 incipitL
1086 853 1142 898 56
1173 855 1229 898 10
1269 854 1397 899 calca
1436 869 1518 899 eur
1592 857 1647 900 11
1685 857 2070 915 naufragiumque

243 926 330 955 nec
350 925 453 954 mea
501 911 556 953 66
577 909 769 967 glebaq3
811 910 866 954 69
890 910 1142 965 cunctusff)
1171 910 1294 954 uiros
1319 910 1370 955 in
1389 925 1492 968 aeq.
1511 927 1588 966 m„
1617 927 1730 955 corr.
1752 915 1955 957 Heinsius
2014 914 2068 957 12

248 971 299 1012 71
322 981 568 1023 numquam
590 971 658 1010 est
713 967 768 1010 73
789 967 846 1011 de
866 980 939 1011 me
958 980 1143 1024 pangea
1171 980 1264 1010 una
1289 966 1323 1011 f.
1384 968 1440 1012 13
1465 968 1670 1026 negabat
1695 971 1757 1012 sic
1815 970 1871 1013 14
1897 971 2070 1027 patitur

246 1032 300 1075 75
327 1030 502 1088 rapidis
563 1031 618 1074 78
639 1030 720 1073 sed
741 1045 825 1073 om.
893 1023 940 1086 3,
972 1032 998 1074 1
1027 1030 1143 1074 haec
1174 1024 1228 1066 16
1252 1023 1382 1089 yenit
1400 1026 1572 1081 Heius]
1601 1029 1757 1090 mftnet
1784 1026 1858 1081 (cf.
1883 1027 1954 1081 15)
2014 1028 2069 1070 18
2124 1063 2133 1090 4

245 1104 325 1131 om.
369 1090 396 1131 5
418 1088 542 1144 dum]
566 1088 622 1130 de
660 1088 684 1130 7
707 1087 965 1131 ρήχῃῇῃᾶοε
999 1087 1026 1130 9
1047 1088 1142 1131 nol·
1171 1084 1364 1124 tacltum
1421 1081 1479 1125 25
1498 1081 1559 1125 ad
1578 1080 1697 1138 finls,
1718 1085 1858 1126 recte?
1910 1084 1966 1127 26
1987 1083 2069 1139 qui
2122 1117 2127 1139 ξ

244 1146 335 1188 lem
394 1145 450 1188 10
476 1145 538 1187 sic
597 1144 653 1187 15
682 1148 838 1187 uatem
865 1144 1080 1196 (hederae
1102 1147 1141 1199 ς)
1173 1142 1299 1180 caret
1345 1138 1403 1182 30
1420 1139 1629 1196 roganda
1646 1142 1803 1196 petam
1841 1140 1898 1183 34
1917 1147 2066 1197 putes.
2124 1198 2125 1201 Ἰ

245 1203 299 1245 19
320 1216 378 1244 m.
405 1206 587 1244 evectus
608 1200 656 1243 in
677 1214 805 1244 arces
850 1201 908 1244 23
929 1203 991 1257 et]
1015 1214 1040 1244 e
1086 1201 1143 1244 24
1173 1193 1221 1256 9,
1244 1200 1269 1243 7
1290 1202 1352 1244 sic
1373 1204 1543 1256 (nosset
1554 1206 1601 1246 te
1617 1221 1655 1258 ς,
1677 1205 1862 1259 rhythmo
1879 1205 2069 1258 duriore)

243 1271 451 1314 quasque
470 1283 485 1289 —
504 1258 686 1301 decolor
706 1259 768 1300 sic
784 1282 801 1290 -
818 1271 938 1314 aqua
976 1257 1033 1301 28
1047 1257 1142 1301 fors
1171 1257 1199 1301 8
1219 1256 1373 1300 ferunt
1426 1259 1482 1302 10
1498 1259 1589 1314 hic,
1611 1274 1730 1316 supr.
1752 1276 1837 1303 scr.
1858 1260 1965 1303 talis
2012 1261 2070 1304 15

244 1317 299 1357 31
322 1315 506 1358 flumine
565 1314 619 1357 37
642 1328 778 1370 uana,
800 1330 851 1358 su
883 1331 920 1357 r.
941 1329 1025 1357 scr.
1047 1314 1142 1358 leta
1171 1314 1409 1371 perhorret
1436 1328 1475 1359 c.
1536 1316 1591 1359 17
1621 1320 1852 1373 spectaret
1909 1318 1966 1360 23
1986 1331 2067 1374 pa-

243 1372 302 1415 40
335 1372 560 1428 pantheos
599 1396 615 1403 -
652 1375 777 1415 earet
863 1371 890 1414 2
926 1371 1051 1415 clara
1084 1384 1140 1428 c.‚
1171 1369 1303 1426 tiare,
1325 1375 1466 1414 recte?
1487 1372 1545 1427 cf.
1568 1387 1620 1416 ex
1634 1376 1686 1416 P.
1708 1389 1742 1416 11
1761 1374 1803 1428 4,
1820 1374 1889 1417 23.
1940 1374 1996 1417 25
2017 1387 2068 1417 se

241 1437 384 1478 recte?
449 1435 506 1478 50
540 1438 744 1491 opponat
813 1427 871 1490 4,
901 1435 926 1478 1
956 1435 1088 1477 exino
1123 1459 1140 1468 -
1173 1427 1406 1471 om.-uisa
1443 1428 1500 1472 26
1513 1428 1736 1472 inuictum
1750 1429 1972 1473 inuictum
2010 1431 2069 1474 28
2123 1481 2126 1487 Δ

242 1491 372 1534 uenit
430 1491 457 1533 2
491 1492 713 1548 lapsaque
746 1492 808 1534 bis
866 1491 894 1535 9
922 1504 1083 1548 eampo
1110 1491 1139 1534 l'
1169 1487 1297 1527 tonet
1317 1484 1372 1528 31
1387 1484 1513 1529 Uicta
1540 1486 1597 1529 33
1612 1486 1841 1529 claudaris
1869 1487 1923 1530 37
1941 1501 2067 1536 Oom,
2126 1494 2128 1498 ’

242 1552 375 1605 prato
422 1548 477 1591 13
498 1563 560 1604 sq.
584 1550 690 1590 delet
710 1550 855 1591 Bentl.
905 1549 961 1591 14
980 1553 1032 1591 ut
1050 1561 1140 1591 non
1173 1540 1255 1603 10,
1283 1548 1311 1591 2
1332 1550 1444 1591 deest
1482 1550 1511 1592 3
1533 1562 1632 1593 esse
1652 1550 1812 1606 procul
1854 1551 1878 1593 7
1900 1550 2069 1594 sollici-

241 1611 273 1647 t.
298 1619 336 1648 c.
361 1605 567 1648 docenda
587 1604 801 1655 (dolenda
819 1609 858 1658 ς)
926 1605 981 1648 15
1009 1618 1138 1662 aper·
1169 1608 1265 1647 tum
1324 1605 1350 1648 9
1376 1605 1453 1649 hic
1481 1606 1626 1649 omnis
1653 1608 1826 1664 scripsi]
1854 1607 1904 1650 in
1933 1606 2066 1651 nobis

241 1667 312 1704 tos
342 1664 459 1715 (num
488 1661 723 1716 acerbos?)
792 1661 846 1704 18
874 1661 940 1717 in]
968 1665 1020 1704 ut
1083 1662 1141 1706 20
1170 1660 1232 1715 (in
1252 1661 1389 1705 rebus
1404 1664 1589 1717 Merkel)
1607 1688 1622 1694 -
1639 1667 1798 1707 notata
1837 1664 1892 1707 12
1913 1664 2066 1711 dui-ag

242 1718 346 1761 adn.
370 1722 524 1775 potest
577 1718 630 1761 21
653 1718 754 1761 Iam
800 1718 855 1761 28
875 1718 1036 1762 adesse
1083 1719 1138 1761 37
1168 1718 1308 1775 longa
1339 1720 1381 1762 L
1454 1720 1509 1762 13
1543 1720 1594 1776 1.]
1630 1724 1795 1776 pontus
1828 1723 1893 1768 Lg
1927 1722 2067 1764 recte?

242 1774 457 1830 quamuix
506 1775 578 1822 (38
605 1774 853 1818 indoluisse
875 1778 912 1828 ς)
959 1775 1015 1819 38
1035 1775 1138 1819 Non
1168 1776 1224 1818 23
1252 1775 1332 1830 qui
1359 1775 1452 1819 iam
1481 1790 1517 1820 c.
1574 1777 1630 1819 26
1658 1777 1794 1820 auide
1848 1778 1904 1821 28
1929 1777 2066 1820 mista

239 1846 300 1874 m.
350 1832 406 1874 41
429 1831 468 1874 si
514 1831 571 1873 43
591 1830 733 1888 pium,
758 1847 838 1874 om.
863 1843 952 1886 que
992 1832 1048 1875 47
1068 1846 1137 1876 re·
1168 1831 1201 1874 f.
1219 1831 1373 1889 gethis
1412 1832 1470 1876 34
1488 1833 1655 1877 bracca
1694 1834 1750 1877 36
1770 1833 2064 1890 notificanda,

240 1894 415 1938 feratur
471 1885 519 1948 5,
541 1895 568 1936 2
589 1897 714 1937 deest.
757 1895 783 1937 9
803 1894 943 1938 uiridi
983 1895 1038 1938 13
1058 1885 1137 1938 ad·
1169 1903 1227 1932 an
1243 1891 1383 1931 recte?
1421 1889 1477 1932 37
1499 1890 1605 1946 quia
1620 1909 1642 1937 ς
1662 1890 1738 1947 qui
1755 1892 1796 1934 L
1835 1891 1890 1935 38
1911 1891 2067 1949 gethis

241 1965 395 1994 sumus
442 1951 497 1994 15
521 1949 590 1994 Sit
611 1951 835 2008 quidquid
855 1951 884 1994 i.
909 1952 953 1994 d.
1001 1952 1055 1994 16
1075 1953 1138 1994 sic
1167 1951 1221 1994 41
1245 1951 1337 1994 dici
1358 1953 1528 2009 Heins.]
1557 1952 1708 2008 siquid
1765 1954 1822 1996 42
1849 1954 1950 2008 fort.
1983 1954 2063 1997 ab·

240 2009 297 2051 20
325 2011 619 2064 ereptamque
648 2007 728 2050 uni
792 2008 849 2051 25
876 2007 1137 2052 addicerem
1168 2007 1348 2051 nuerint
1369 2016 1407 2051 et
1428 2009 1701 2053 adnuerint?
1719 2036 1734 2042 -
1751 2014 1915 2067 putant
1936 2013 2064 2068 (puto

214 2065 295 2108 26
317 2070 577 2120 corrumpat
621 2064 677 2107 29
697 2077 778 2107 ara
823 2065 879 2107 32
901 2064 1136 2108 consilium
1167 2065 1193 2107 1
1215 2067 1337 2120 cod).
1398 2081 1500 2109 num
1536 2068 1740 2109 distichon
1775 2069 1968 2124 spurium
2002 2076 2064 2111 est

241 2147 257 2153 -
300 2122 458 2165 ethera
474 2122 528 2174 (⁶3)
567 2134 687 2177 pene
734 2134 884 2165 meum
921 2125 949 2164 t·
992 2125 1133 2165 tuum.
1167 2123 1245 2175 (sic
1263 2122 1456 2178 Bentl.)?
1499 2123 1557 2166 46
1576 2125 1638 2180 v.]
1660 2123 1707 2166 in
1727 2128 1773 2167 te
1817 2125 1874 2168 48
1894 2126 1956 2167 sic
1976 2124 2063 2168 -in

239 2179 432 2221 aethera
451 2179 516 2220 hic
538 2179 703 2234 quidem
723 2192 804 2233 pro
827 2180 933 2222 aere
950 2181 1137 2234 positum
1167 2185 1319 2242 gothis
1340 2200 1385 2243 g.
1411 2199 1511 2230 esse
1533 2199 1575 2243 q.
1601 2189 1723 2240 (ecce
1743 2189 1913 2243 scripsi)
1978 2180 2062 2246 11,

237 2236 306 2277 vix
347 2236 606 2277 crediderim·
681 2235 737 2278 33
778 2234 1015 2278 consilium
1080 2235 1136 2279 38
1165 2245 1192 2284 2
1215 2239 1432 2300 Coniugis
1490 2243 1520 2286 4
1547 2245 1599 2286 (ιό
1623 2242 1780 2287 iuueni
1807 2244 1998 2288 forsitan
2020 2258 2058 2289 e.

239 2290 488 2334 bachiades
515 2291 569 2333 39
587 2291 646 2334 ab
664 2291 757 2334 alto
784 2292 842 2335 40
857 2291 1134 2348 ausoniaque
1165 2298 1193 2341 5
1220 2299 1343 2354 quod
1371 2298 1443 2342 cuj
1490 2299 1600 2354 quia
1627 2301 1748 2356 quod
1769 2326 1785 2332 -
1807 2300 1891 2343 sim
1920 2315 1957 2344 ρ,
1983 2302 2063 2345 do-

237 2349 294 2390 43
323 2347 537 2391 heroibus
560 2350 643 2402 ᾖς,
672 2363 750 2390 em·
777 2350 1021 2391 Salmasius
1077 2349 1136 2391 44
1165 2354 1272 2398 loris
1332 2356 1359 2398 6
1382 2356 1430 2399 in
1465 2356 1630 2399 eluisse
1657 2371 1716 2399 m.
1777 2358 1805 2400 8
1826 2360 1944 2414 cum]
1969 2372 2021 2402 co
2042 2384 2060 2392 -
2121 2382 2124 2384 v

189 2459 194 2463 η
239 2404 341 2459 quis
356 2404 658 2447 sz'c—ethetion
697 2404 755 2447 45
771 2409 840 2447 est
855 2422 893 2460 ς,
909 2406 1136 2448 om.Lnee
1165 2425 1244 2455 ora
1303 2412 1369 2465 13*
1393 2416 1463 2456 est
1497 2415 1556 2455 ad
1588 2413 1735 2470 navis]
1776 2428 1861 2459 nee
1895 2415 2062 2459 misera

238 2462 516 2561 3355ssssss
534 2463 926 2574 {30113333122'529
941 2460 1133 2574 531,ῗῖἒὲ
1163 2468 1511 2582 ἓὲξὲἑῗηῗώῗε)
1536 2469 1951 2585 ὲῖρᾞωὲῗῖέῐῗ
1971 2473 2062 2585 (1ὲέ

237 2599 254 2606 -
272 2588 351 2617 eur
372 2573 556 2630 cognita
575 2573 737 2617 nobis?
776 2574 831 2617 56
850 2574 950 2617 uiro
973 2579 1042 2617 est
1078 2575 1133 2618 57
1162 2589 1217 2631 26
1235 2601 1284 2632 se
1298 2603 1380 2631 om,
1417 2589 1472 2632 27
1490 2588 1611 2632 diem
1625 2605 1670 2647 p·
1721 2582 1788 2633 12
1827 2592 1849 2633 1
1867 2592 2061 2636 oleetem

234 2630 384 2674 illicas
439 2631 494 2674 58
514 2630 657 2674 habet
675 2635 702 2673 't
722 2630 809 2673 erit
861 2630 916 2674 59
936 2630 1095 2674 mallet
1115 2657 1131 2663 -
1163 2646 1191 2688 3
1209 2645 1379 2689 lectum
1423 2646 1453 2688 4
1473 2648 1585 2689 deest
1633 2648 1659 2689 6
1680 2625 1803 2691 fol-te'
1837 2649 1864 2691 9
1884 2648 2061 2692 lusibus

233 2694 266 2736 i.
284 2693 448 2759 fuiss-et
486 2693 542 2759 62
556 2694 674 2750 pilos
724 2686 771 2750 6,
792 2694 822 2736 4
841 2692 1132 2763 οΗίοἰιιωᾳῑξς
1164 2702 1216 2745 11
1248 2715 1411 2768 corpus
1431 2702 1544 2746 mihi
1610 2704 1665 2746 12
1692 2704 1848 2747 arechi
1868 2717 1911 2760 q.
1936 2705 1968 2747 f.
1990 2706 2061 2749 rei

236 2751 289 2793 11
312 2750 563 2815 pohdanus
604 2751 658 2794 15
677 2765 746 2807 pr.
767 2754 801 2793 t.
825 2764 864 2794 e.
888 2764 928 2793 a.
946 2753 1011 2807 n.]
1033 2766 1136 2808 pria
1162 2759 1216 2801 21
1243 2758 1456 2816 rungine
1514 2760 1569 2802 27
1597 2764 1804 2804 teneram
1831 2777 1911 2804 om,
1943 2787 1959 2794 -
1985 2776 2060 2807 re-

234 2810 438 2849 taeturus
459 2811 556 2863 prlfi
618 2807 675 2850 24
701 2808 796 2851 lota
854 2807 909 2850 27
929 2808 1021 2864 vel]
1043 2821 1132 2874 13011
1162 2814 1338 2872 misque
1385 2816 1442 2860 28
1462 2816 1639 2860 carebit
1658 2830 1716 2872 a.‚
1738 2821 1877 2861 recte?
1915 2818 1971 2861 29
1991 2834 2055 2876 sq.

233 2863 289 2906 3ss
309 2864 388 2906 1110
410 2866 532 2919 quoq
550 2864 663 2907 reris
710 2864 764 2907 37
786 2863 926 2907 multe
947 2865 1133 2908 madlda
1161 2871 1327 2915 fuerim
1366 2874 1440 2916 ads
1460 2872 1640 2924 fueram
1680 2876 1841 2918 desunt,
1921 2889 2057 2932 posse

233 2926 290 2969 38
311 2931 422 2981 quot
441 2942 499 2970 m.
541 2927 599 2970 44
616 2929 677 2969 sic
715 2927 773 2971 45
792 2927 977 2971 timores
1037 2920 1083 2984 7,
1104 2929 1132 2971 2
1160 2943 1293 2985 posse
1317 2943 1371 2972 ‘u.
1403 2943 1566 2987 parum
1630 2931 1688 2973 33
1716 2930 1765 2974 Si
1793 2945 1884 2988 qua
1910 2934 2055 2976 Bentl.

232 2983 392 3040 hyster
427 2983 578 3026 aditur
611 2997 653 3026 a.
724 2984 751 3026 9
788 2988 834 3027 et
865 2984 985 3028 inter
1020 2987 1131 3028 deest
1160 2986 1217 3028 35
1244 2985 1415 3043 scripta
1441 3001 1500 3030 m.
1532 3001 1567 3030 s.
1595 2987 1723 3030 nulla
1755 2991 1807 3030 ut
1835 2988 1990 3044 aliqua
2018 3002 2059 3035 c.
2124 3023 2126 3026 >

233 3041 289 3082 10
305 3039 417 3082 mihi
433 3044 502 3082 est
542 3041 594 3083 11
616 3040 871 3096 thebasque
911 3042 967 3084 16
987 3041 1131 3085 liuida
1159 3042 1216 3085 38
1232 3056 1360 3085 amor
1375 3058 1456 3086 om.
1496 3043 1555 3086 40
1569 3044 1781 3086 atthenas
1813 3044 1870 3086 42
1887 3049 1957 3087 est
1973 3060 2054 3088 om.

233 3097 287 3139 17
317 3096 399 3152 M.]
429 3096 554 3139 necis
615 3098 669 3140 19
696 3110 782 3140 nec
810 3113 845 3140 s.
877 3100 1016 3141 recte?
1073 3099 1132 3142 20
1159 3098 1214 3142 47
1234 3099 1354 3142 tauri
1372 3098 1516 3142 iustas
1559 3099 1616 3142 48
1635 3100 1843 3156 partibus
1884 3102 1940 3144 50
1963 3100 2057 3145 Sed

234 3152 367 3204 Quod
445 3153 499 3195 21
534 3153 716 3209 populis
752 3155 917 3208 addidi,
956 3169 1037 3196 om.
1073 3156 1126 3198 L.
1158 3154 1191 3197 f.
1208 3179 1226 3187 ·
1243 3157 1392 3211 omne]
1416 3168 1515 3199 esse
1556 3156 1613 3200 53
1634 3156 1712 3212 qui
1731 3156 1862 3213 mihi]
1886 3163 1954 3201 est
1975 3158 2057 3213 qui

231 3216 373 3269 (Nass
397 3217 495 3259 add.
517 3218 747 3259 Palatinus
765 3219 855 3272 pr.)
916 3217 983 3259 22
1000 3218 1129 3263 audit
1157 3211 1214 3254 54
1232 3211 1518 3267 uerberaque
1540 3236 1557 3244 —
1579 3211 1710 3255 abest
1763 3214 1819 3256 55
1839 3213 2057 3258 barbarie

230 3277 361 3316 uates
409 3272 464 3315 23
486 3276 532 3315 et
551 3286 642 3316 non
683 3273 739 3316 28
759 3286 845 3317 nee
867 3276 936 3316 est
954 3273 1128 3339 plausis
1158 3292 1174 3298 -
1196 3268 1411 3324 necisque
1470 3268 1525 3312 56
1553 3269 1704 3312 omnia
1732 3269 1962 3313 barbarici
1989 3271 2055 3327 pl·

231 3355 247 3361 -
266 3334 335 3372 est
351 3344 432 3372 om.
473 3329 529 3372 32
544 3329 849 3386 pyeridesque
884 3330 940 3372 35
954 3334 1127 3374 iactata
1157 3330 1318 3374 timore
1335 3335 1527 3384 (tumore
1543 3333 1736 3389 Bentley)
1782 3325 1862 3388 13,
1884 3334 1911 3376 2
1930 3334 2054 3389 quic·

230 3391 300 3429 est
318 3388 460 3429 Bentl.
503 3386 558 3428 36
580 3386 810 3442 capharea
847 3386 905 3429 43
919 3401 982 3442 sq.
999 3386 1126 3430 locus
1157 3400 1293 3443 quam
1350 3388 1379 3431 3
1413 3388 1548 3441 trassi
1603 3389 1634 3432 4
1665 3390 1879 3433 tormenti
1937 3391 1964 3433 6
1992 3392 2055 3433 sic

226 3457 361 3499 usque
395 3444 453 3486 ad
485 3446 582 3486 toto
618 3446 766 3486 desunt
823 3443 879 3486 46
915 3443 1013 3487 seui
1070 3443 1126 3487 49
1155 3444 1182 3487 9
1216 3444 1246 3487 i.
1277 3444 1453 3502 premia
1520 3445 1574 3489 11
1603 3450 1779 3504 spetras
1807 3446 2059 3505 (spectaSP)
