2158 3906
299 408 352 447 25

300 760 354 799 30

301 1113 354 1152 35

300 1468 356 1507 40

300 1822 355 1861 45

301 2175 356 2214 50

302 2530 355 2570 55

303 2884 358 2924 60

304 3237 356 3276 65

384 277 488 330 162
936 287 990 330 Ρ.
1025 288 1230 333 OVIDII
1260 287 1531 334 NASONIS

382 408 490 443 non
521 410 637 442 sum
667 390 758 457 qui
788 390 1016 441 fueram:
1049 389 1177 456 quid
1206 389 1416 442 inanem
1447 390 1668 458 proteris
1698 390 1978 443 umbram?

456 461 583 529 quid
613 461 839 513 cinerem
871 459 1011 511 saxis
1041 459 1302 529 bustaque
1332 470 1512 512 nostra
1541 461 1705 529 petis?

385 532 587 583 Hector
617 539 727 582 erat
758 540 884 582 tunc
914 548 1035 582 cum
1065 529 1205 583 bello
1236 530 1494 583 certabat:
1527 541 1581 582 at
1610 530 1752 583 idem

456 610 653 653 tractus
684 600 751 652 ab
781 600 1081 652 Haemonio
1111 619 1219 653 non
1248 610 1360 655 erat
1389 602 1594 655 Hector
1623 619 1776 669 equ0.

384 690 468 724 me
499 689 734 739 quoque,
766 688 923 738 quem
953 689 1110 724 noras
1140 671 1289 734 olim,
1320 690 1427 724 non
1457 690 1571 725 esse
1599 681 1888 726 memento:

456 761 522 793 ex
553 742 642 793 illo
674 751 924 811 superant
952 742 1083 795 haec
1115 742 1395 795 simulacra
1424 743 1553 795 viro.

385 812 512 880 quid
543 812 844 874 simulacra,
875 812 1049 875 ferOX,
1081 813 1277 866 dictis
1262 813 1482 866 incessis
1512 813 1737 867 amaris?

455 901 638 964 parce,
668 893 934 952 precor‚l
910 883 1104 936 Manes
1135 883 1414 966 sollicitare
1445 884 1613 937 meos!

386 954 562 1005 omnia
590 972 716 1007 vera
744 963 875 1036 puta
903 973 1022 1008 mea
1052 954 1295 1018 crimina,
1325 955 1399 1007 nil
1430 955 1497 1007 sit
1524 954 1580 1007 in
1609 954 1729 1018 illis,

457 1024 600 1092 quod
630 1025 800 1094 magis
831 1043 1060 1078 errorem
1090 1042 1251 1108 quam
1281 1025 1451 1079 scelus
1482 1044 1597 1078 esse
1626 1035 1807 1095 putes:

386 1095 664 1165 pendimus
696 1115 762 1149 en
790 1096 1006 1166 profugi
1033 1126 1106 1133 —
1136 1097 1267 1149 satia
1296 1106 1390 1149 tua
1418 1096 1656 1166 pectora!
1687 1127 1759 1134 —
1787 1115 1988 1166 poenas

459 1167 720 1234 exilioque
749 1186 940 1237 graves
971 1167 1218 1236 exiliique
1254 1168 1388 1221 1000.

387 1237 615 1290 carnifici
645 1237 858 1291 fortuna·
887 1247 1061 1308 potest
1089 1257 1209 1292 mea
1237 1238 1413 1291 flenda
1442 1238 1632 1291 videri:

458 1317 510 1361 et
540 1318 717 1362 tamen
748 1318 827 1362 est
855 1327 961 1362 uno
991 1309 1165 1362 iudice
1196 1329 1368 1362 mersa
1397 1309 1607 1379 parum!

387 1380 592 1432 saevior
622 1398 676 1432 65
708 1380 843 1432 tristi
872 1380 1144 1442 Busiride,
1177 1381 1382 1434 saevior
1410 1381 1519 1442 illo,

458 1451 548 1532 qui
577 1450 772 1503 falsum
800 1451 943 1504 lento
973 1451 1161 1503 torruit
1189 1452 1312 1521 igne
1343 1451 1551 1513 bovem,

386 1521 581 1590 quique
611 1521 803 1575 bovem
835 1520 1018 1575 Siculo
1049 1522 1216 1575 fertur
1246 1522 1469 1575 donasse
1500 1532 1724 1591 tyranno

459 1602 511 1645 et
541 1592 692 1645 dictis
724 1601 861 1646 artes
893 1592 1197 1646 conciliasse
1229 1590 1374 1645 suas:

387 1669 628 1717 ‘munere
658 1663 714 1716 in
742 1663 869 1726 hoc,
899 1681 1017 1726 reX‚
1049 1673 1126 1716 est
1158 1683 1310 1726 115115,
1343 1663 1479 1716 sed
1464 1664 1695 1733 lmagine
1725 1664 1910 1727 maior,

457 1753 555 1787 nec
587 1734 698 1787 sola
728 1743 806 1787 est
837 1735 1009 1804 operis
1040 1734 1211 1787 forma
1240 1734 1515 1804 probanda
1544 1736 1664 1787 mei.

387 1805 576 1875 aspicis
609 1825 640 1857 a
670 1805 855 1858 dextra
884 1806 1021 1858 latus
1052 1805 1153 1858 hoc
1185 1805 1473 1874 adapertile
1504 1805 1673 1857 tauri?

457 1876 562 1928 huc
591 1876 711 1938 tibi,
744 1894 905 1944 quem
934 1875 1122 1946 perdes
1132 1915 1147 1939 ,
1179 1875 1517 1928 coniciendus
1549 1876 1663 1928 erit.

386 1947 624 2029 protinus
652 1946 915 1999 inclusum
944 1947 1098 1999 lentis
1130 1946 1447 1999 carbonibus
1477 1965 1595 1999 ure:

458 2017 686 2087 mugiet,
718 2027 769 2071 et
800 2017 910 2071 veri
941 2035 1047 2071 vox
1077 2018 1175 2070 erit
1203 2018 1295 2070 illa
1324 2016 1491 2070 bovis.

387 2107 482 2159 pro
514 2088 706 2157 quibus
736 2088 985 2151 inventis,
1014 2097 1075 2141 ut
1103 2107 1296 2141 munus
1326 2107 1544 2142 munere
1574 2106 1780 2157 penseS,

461 2160 550 2220 da,
581 2177 789 2229 precor,
820 2159 1034 2228 ingenio
1064 2159 1300 2229 praemia
1331 2159 1492 2229 digna
1521 2159 1687 2211 meoi’

388 2230 607 2283 dixerat.
683 2240 737 2283 at
765 2230 1007 2283 Phalaris
1039 2236 1267 2300 ‘poenae
1297 2230 1535 2282 mirande
1565 2239 1816 2298 repertor,

457 2302 569 2371 ipse
600 2310 751 2353 tuum
780 2301 1023 2371 princeps
1052 2301 1255 2354 imbue’
1288 2301 1421 2353 dixit
1451 2300 1658 2370 ‘opusl'

386 2390 485 2424 nec
516 2390 687 2434 mora,
719 2373 1019 2424 monstratis
1052 2372 1330 2424 crudeliter
1360 2372 1572 2441 ignibus
1604 2380 1753 2424 ustus

460 2443 631 2495 emisit
660 2443 899 2512 geminos
930 2461 1019 2495 ore
1048 2452 1303 2495 tremente
1336 2460 1507 2495 sonos.

389 2513 518 2582 quid
546 2513 676 2565 mihi
707 2531 826 2566 cum
860 2513 1053 2566 Siculis
1082 2513 1219 2566 inter
1251 2512 1631 2582 Scythiamque
1664 2511 1972 2581 Getasque?

460 2584 528 2636 ad
558 2593 634 2644 te,
667 2584 904 2652 quisquis
934 2584 978 2636 is
1010 2603 1090 2646 65,
1122 2593 1301 2636 nostra
1331 2585 1545 2652 querela
1574 2583 1725 2636 redit.
1966 2608 1969 2612 ¹

387 2664 551 2723 utque
583 2655 721 2706 sitim
752 2664 931 2707 nostro
962 2655 1132 2725 possis
1164 2655 1376 2723 explere
1407 2673 1609 2717 cruore,

461 2735 763 2794 quantaque
794 2726 899 2788 vis,
931 2726 1084 2779 avido
1116 2725 1315 2795 gaudia
1345 2726 1501 2779 corde
1532 2725 1696 2778 feras:

387 2805 466 2849 tot
494 2797 635 2849 mala
665 2816 782 2849 sum
812 2796 1023 2866 fugiens
1054 2798 1263 2859 tellure,
1295 2805 1373 2849 tot
1404 2815 1633 2864 aequore
1661 2815 1867 2866 paSSUS‚

459 2876 510 2921 te
542 2885 752 2935 quoque
783 2878 843 2920 ut
873 2868 1064 2920 auditis
1094 2886 1249 2937 posse
1280 2868 1457 2921 dolere
1487 2877 1685 2937 putem.

388 2939 542 2991 crede
571 2938 723 3000 mihi,
757 2939 801 2991 si
830 2938 895 2990 sit
925 2938 1077 2992 nobis
1109 2939 1347 2991 conlatus
1379 2937 1586 3000 Ulixes,

459 3010 696 3079 Neptuni
726 3010 920 3073 minor,
953 3018 1032 3063 est
1062 3027 1223 3078 quam
1252 3009 1394 3063 Iovis
1424 3010 1526 3072 ira,
1557 3009 1673 3062 fuit.

389 3098 515 3149 ergo
547 3081 867 3148 quicumque
899 3100 979 3144 65,
1010 3080 1307 3134 rescindere
1338 3080 1558 3133 crimina
1587 3080 1711 3143 noli,

461 3150 631 3219 deque
661 3152 810 3220 gravi
842 3152 999 3204 duras
1030 3152 1247 3204 vulnere
1277 3152 1401 3203 tolle
1429 3169 1642 3203 manus:

389 3230 553 3289 utque
585 3241 733 3274 meae
764 3222 962 3273 famam
992 3230 1208 3274 tenuent
1238 3221 1433 3274 oblivia
1464 3222 1667 3290 culpae,
1708 3250 1710 3252 ·

460 3293 602 3344 facta
631 3292 928 3344 cicatricem
960 3292 1152 3344 ducere
1183 3300 1362 3343 nostra
1392 3291 1528 3343 sine:

389 3362 756 3430 humanaeque
788 3381 987 3414 memor
1019 3362 1193 3424 sortis,
1225 3379 1361 3429 quae
1392 3362 1526 3413 tollit
1556 3361 1770 3415 eosdem

461 3442 510 3486 et
541 3433 754 3503 premit,
785 3433 1009 3486 incertas
1040 3432 1153 3502 ipse
1184 3451 1364 3486 verere
1395 3432 1561 3487 vices!

2148 3355 2158 3522 2—xu—--
