2158 3906
463 386 551 432 Ex
580 385 796 434 PoNTo
827 385 948 431 ΜΒ.
980 385 1068 430 111.
1101 384 1184 442 w,
1215 384 1409 441 3-v11,
1439 385 1510 430 28.

86 511 102 558 g
132 489 229 546 sed
258 506 424 560 pavor
455 488 676 542 attonito
707 488 923 541 rationis
955 487 1222 541 ademerat
1251 505 1424 549 usum,

207 567 434 615 cesserat
463 577 618 613 omne
647 558 799 612 novis
830 558 1210 627 consiliumque
1240 558 1408 620 malis,
1507 609 1509 611 .

135 632 507 700 fortunamque
537 647 711 684 meam
741 639 1005 691 metuens,
1035 648 1141 681 non
1173 628 1394 682 vindicis
1423 628 1572 692 iram,

93 743 95 746 ⁴
205 701 440 756 terrebar
469 699 620 754 titulo
649 701 873 753 nominis
903 701 1016 770 ipse
1045 699 1166 753 mei.

94 806 97 810 Α
137 773 391 828 hactenus
421 771 721 826 admonitus
752 770 971 824 memori
1003 770 1233 824 concede
1263 780 1468 841 poetae,

91 844 99 870 ²
175 859 186 873 ⁷
204 851 368 916 ponat
396 850 456 897 ut
483 841 539 896 in
570 841 763 896 chartis
792 842 1007 895 nomina
1037 860 1159 895 cara
1190 842 1314 895 suis.

134 926 289 998 turpe
316 913 418 969 erit
448 913 733 976 ambobus,
764 914 924 983 longo
955 912 1084 965 mihi
1113 912 1385 983 proximus
1415 931 1517 966 usu

206 1004 251 1040 s1
280 984 427 1039 nulla
455 984 575 1038 libri
606 995 755 1055 parte
785 985 962 1055 legere
991 984 1111 1037 mei.

133 1074 201 1112 ne
230 1065 408 1116 tamen
436 1054 536 1110 iste
566 1065 738 1110 metus
770 1074 979 1109 somnos
1011 1054 1106 1108 tibi
1135 1073 1379 1125 rumpere
1410 1054 1591 1125 possit,

93 1179 96 1184 .
203 1145 310 1181 non
341 1126 501 1191 ultra,
533 1145 692 1197 quam
722 1127 826 1190 vis,
858 1126 1124 1179 officiosus
1154 1144 1261 1187 em,

102 1216 103 1219 ’
135 1207 290 1268 teque
322 1208 522 1269 tegam,
555 1199 647 1267 qui
677 1198 772 1260 sis,
803 1198 903 1250 nisi
935 1215 1055 1250 cum
1084 1196 1383 1267 permiseris
1412 1196 1548 1266 ipse:

94 1271 95 1274 ’
205 1278 425 1340 cogetur
453 1287 609 1322 nemo
639 1287 832 1322 munus
865 1268 1058 1322 habere
1089 1286 1282 1321 meum.

111 1348 192 1395 -tu
222 1340 405 1404 modo,
435 1357 594 1409 quem
625 1350 834 1411 poteras
866 1339 949 1392 vel
980 1348 1159 1409 aperte
1190 1347 1335 1391 tutus
1366 1356 1558 1400 amare,

97 1422 100 1428 '
205 1410 249 1465 si
278 1429 362 1467 res
393 1419 475 1465 est
504 1428 696 1481 anceps
728 1411 854 1474 ista,
885 1410 1108 1463 latenter
1139 1428 1273 1461 ama.

922 1522 1051 1576 VII.

15 1624 17 1685 ἶ
104 1623 106 1626 ’
134 1624 318 1680 Verba
347 1622 476 1683 mihi
506 1622 699 1677 desunt
729 1622 913 1676 eadem
945 1631 1053 1675 tam
1084 1639 1240 1691 saepe
1272 1620 1495 1691 roganti,

16 1702 17 1718 ¹
202 1694 414 1765 iamque
444 1693 632 1766 pudet,
663 1711 826 1747 vanas
858 1692 962 1746 fine
993 1709 1171 1746 carere
1240 1709 1402 1745 reces.

16 1755 17 1759 Ἰ
98 1832 101 1834 q
134 1765 309 1821 taedia
339 1764 598 1825 consimili
627 1763 740 1819 fieri
771 1764 837 1818 de
869 1763 1099 1818 carmine
1131 1781 1197 1816 vo
1238 1763 1299 1823 is,

203 1835 437 1907 quidque
467 1844 670 1908 petam,
702 1844 918 1889 cunctos
949 1833 1224 1888 edidicisse
1255 1851 1388 1887 reor.

98 1965 102 1970 ,
132 1916 416 1978 nostraque
447 1906 575 1978 quid
604 1916 802 1978 portet,
833 1906 940 1959 iam
968 1905 1159 1967 nostis,
1191 1904 1440 1987 epistula,
1474 1905 1716 1974 quamvis

102 1983 103 1986 ’
205 1996 326 2033 cera
357 1977 423 2032 sit
453 1997 486 2032 a
514 1977 701 2032 vinclis
731 1995 839 2030 non
867 1976 1134 2030 labefacta
1164 1994 1289 2029 suis.

93 2050 99 2056 ’
135 2067 262 2121 ergo
293 2058 526 2103 mutetur
556 2048 738 2119 scripti
768 2047 1027 2102 sententia
1054 2046 1237 2110 nostri,

98 2117 106 2134 *⁵
202 2140 269 2174 ne
299 2120 490 2174 totiens
521 2128 726 2183 contra,
758 2137 918 2188 quam
948 2118 1085 2201 rapit
1115 2117 1309 2181 amnis,
1341 2136 1475 2171 eam.

96 2198 103 2250 ἶ
132 2191 276 2262 quod
307 2191 441 2245 bene
472 2191 538 2245 de
567 2191 717 2243 vobis
749 2190 980 2261 speravi,
1011 2188 1291 2260 1gnoscite,
1323 2188 1500 2242 amici:

203 2262 330 2317 talia
357 2261 614 2334 peccandi
643 2262 750 2315 iam
779 2261 909 2314 mihi
937 2260 1055 2313 finis
1087 2260 1200 2314 erit.

90 2372 91 2377 =
133 2352 232 2390 nec
260 2333 438 2405 gravis
468 2333 622 2387 uxori
653 2332 819 2386 dicar:
852 2350 988 2400 quae
1020 2330 1218 2384 scilicet
1248 2331 1301 2383 in
1331 2349 1417 2383 me

97 2466 104 2498 '³
132 2475 233 2531 hoc
261 2492 497 2545 quoque,
526 2474 701 2538 Naso,
732 2474 894 2527 feres:
928 2473 1120 2527 etenim
1151 2473 1333 2543 peiora
1363 2472 1542 2525 tulisti.

107 2556 110 2558 ’
202 2546 309 2600 iam
339 2545 436 2599 tibi
467 2545 646 2601 sentiri
677 2545 882 2599 sarcina
910 2545 1056 2598 nulla
1085 2553 1273 2614 potest.

38 2618 42 2619 ⁷
89 2595 103 2639 j
134 2617 324 2672 ductus
354 2617 422 2670 ab
453 2626 690 2670 armento
720 2626 902 2670 taurus
935 2615 1191 2669 detractet
1222 2625 1472 2677 aratrum,

205 2687 480 2742 subtrahat
510 2697 563 2741 et
592 2687 725 2741 duro
756 2687 890 2741 colla
920 2687 1129 2741 novella
1157 2687 1308 2757 iugo:

88 2810 89 2814 ,
133 2777 253 2824 nos,
285 2759 478 2828 quibus
510 2758 753 2812 adsuevit
781 2758 951 2811 fatum
982 2757 1263 2811 crudeliter
1293 2757 1387 2819 uti,

94 2879 95 2882 ,
205 2830 274 2884 ad
302 2829 443 2882 mala
472 2829 579 2882 iam
607 2829 813 2898 pridem
842 2846 949 2882 non
979 2847 1162 2881 sumus
1194 2828 1302 2880 ulla
1331 2827 1506 2880 rudes.

90 2906 91 2910 ’
134 2901 374 2960 venimus
403 2900 459 2953 in
491 2897 709 2954 Geticos
738 2899 894 2953 fines:
925 2899 1213 2952 moriamur
1241 2899 1296 2950 in
1325 2898 1445 2959 illis,

91 2984 93 2988 '
203 2971 482 3040 Parcaque
514 2970 582 3023 ad
612 2979 907 3024 extremum
936 2987 1042 3038 qua
1071 2987 1191 3022 mea
1221 2969 1416 3037 coepit,
1448 2967 1556 3020 eat!

135 3061 284 3114 spem
314 3042 460 3096 iuvat
491 3041 760 3111 amplecti,
792 3059 929 3109 quae
959 3058 1066 3092 non
1093 3040 1264 3102 iuvat,
1296 3038 1454 3091 inrita
1484 3039 1722 3108 semper?

206 3123 258 3169 et
286 3112 400 3167 fieri
431 3112 612 3183 cupias
644 3112 688 3164 si
718 3129 848 3180 qua,
879 3110 1059 3164 futura
1087 3111 1273 3181 putes?

134 3184 406 3256 proximus
436 3183 560 3236 huic
588 3183 786 3253 gradus
818 3191 899 3236 est
927 3182 1062 3235 bene
1093 3181 1373 3251 desperare
1404 3180 1644 3243 salutem,

104 3258 105 3261 ’
207 3273 368 3324 seque
398 3255 560 3308 semel
591 3270 716 3307 vera·
747 3253 878 3309 scire
908 3253 1106 3323 perisse
1137 3253 1258 3306 fide.

31 3348 35 3356 ·
95 3324 102 3383 ’,
137 3325 368 3380 curando
397 3325 511 3381 fieri
540 3324 802 3394 quaedam
831 3325 1032 3377 maiora
1061 3323 1301 3376 videmus

51 3462 54 3466 ¹
208 3397 449 3459 vulnera,
481 3414 618 3466 quae
647 3397 837 3449 melius
866 3414 973 3448 non
1003 3395 1238 3464 tetigisse
1268 3394 1385 3447 fuit.

50 3515 54 3528 ,
103 3477 107 3485 ”
136 3466 312 3520 mitius
341 3467 428 3521 ille
457 3467 619 3537 perit,
652 3467 826 3520 subita
856 3467 949 3536 qui
978 3466 1235 3536 mergitur
1263 3465 1423 3528 unda,

52 3545 55 3551 ’
207 3555 370 3608 quam
400 3557 496 3597 sua
525 3538 616 3608 qui
647 3538 862 3591 tumidis
893 3537 1140 3592 bracchia
1169 3537 1331 3590 lassat
1362 3536 1527 3605 aquis„

204 2422 364 2475 quam
395 2404 588 2475 proba,
621 2412 732 2456 tam
761 2403 946 2456 timida
976 2412 1080 2465 est,
1111 2402 1493 2472 experiensque
1524 2421 1727 2472 parum.

1741 372 1847 458 265

1874 717 1934 755 50

1875 1072 1932 1111 55

1878 2278 1933 2318 10

1876 2631 1932 2671 15

1876 2984 1933 3022 20
