2158 3906
463 394 552 440 EX
581 395 798 442 PONTO
829 395 950 441 LIB.
982 394 1069 441 111.
1102 395 1166 453 11,
1197 395 1398 454 49—111‚
1429 396 1500 441 24.
1740 386 1845 440 257

67 511 89 561 ,j
132 516 229 554 nec
258 515 428 551 mora:
461 497 526 551 de
557 498 754 567 templo
784 499 997 568 rapiunt
1026 498 1306 551 simulacra
1335 496 1542 551 Dianae

207 568 451 638 clamque
481 586 576 638 per
605 568 871 621 inmensas
902 587 1080 638 puppe
1111 569 1352 622 feruntur
1381 586 1563 638 aquas.

0 656 1 668 ³
69 678 72 682 Δ
132 639 296 694 mirus
327 656 477 693 amor
505 638 783 701 iuvenum,
815 641 1056 707 quamvis
1087 639 1263 693 abiere
1295 649 1372 692 tot
1401 640 1542 702 anni,
1875 659 1929 698 95

182 709 259 770 ,in
290 707 512 780 Scythia
542 728 796 779 magnum
827 728 969 763 nunc
999 727 1212 779 quoque
1243 729 1436 764 nomen
1465 710 1657 766 habet.’

77 798 79 806 ⁴
130 779 316 836 fabula
344 788 556 834 narrata
587 789 665 833 est
694 789 974 849 postquam
1009 781 1242 851 vulgaris
1274 782 1341 834 ab
1371 781 1478 845 illo,

70 919 72 927 Ι
203 850 487 905 laudarunt
517 868 700 904 omnes
731 850 873 904 facta
903 852 1150 921 piamque
1181 852 1356 906 fidem.

131 922 333 979 scilicet
361 920 462 976 hac
493 922 675 986 etiam,
743 941 813 975 ua
842 922 987 975 nulla
1017 922 1242 976 ferocior
1271 941 1363 976 ora
1393 933 1489 987 est,

202 1011 393 1048 nomen
426 992 687 1047 amicitiae
756 993 944 1047 arbara
975 994 1133 1046 corda
1162 1004 1356 1048 movet.
1877 1013 1960 1053 100

77 1102 79 1106 -
131 1063 261 1136 quid
289 1063 464 1119 facere
494 1063 738 1118 Ausonia
767 1063 934 1135 geniti
964 1064 1165 1118 debetis
1196 1065 1251 1117 in
1281 1066 1430 1129 urbe,

84 1202 86 1205 ι
204 1153 327 1190 cum
357 1143 446 1189 tan
488 1144 579 1188 ant
609 1134 750 1188 diros
780 1135 905 1188 talia
935 1135 1077 1188 facta
1108 1134 1308 1190 Getas?

112 1205 293 1270 adde,
325 1153 486 1276 (111οὲ
499 1215 579 1260 est
608 1206 816 1260 animus
848 1225 1056 1277 semper
1085 1207 1182 1260 tibi
1212 1207 1376 1270 mitis,
1410 1217 1461 1262 et
1493 1208 1628 1262 altae

81 1298 89 1303 ·⁴
202 1277 457 1331 indicium
487 1295 659 1332 mores
690 1277 977 1331 nobilitatis
1008 1277 1221 1341 habent,

128 1361 264 1418 quos
296 1348 526 1404 Volesus
556 1348 712 1420 patrii
742 1357 1027 1419 cognoscat
1055 1348 1281 1401 nominis
1313 1357 1512 1413 auctor,
1878 1366 1958 1407 105

203 1437 339 1489 quos
369 1419 548 1473 Numa
577 1428 846 1474 maternus
875 1437 983 1472 non
1012 1427 1172 1489 neget
1201 1437 1315 1473 csse
1347 1438 1487 1482 suos,

131 1489 427 1560 adiectique
458 1491 684 1561 probent
713 1490 961 1561 genetiva
990 1490 1058 1543 ad
1088 1490 1302 1542 nomina
1334 1487 1542 1554 Cottae,

88 1623 90 1627 y
202 1561 248 1614 si
277 1571 335 1615 tu
365 1579 472 1615 non
502 1579 668 1624 esseS,
699 1560 973 1614 interitura
1002 1561 1207 1613 domus.

80 1656 84 1657 ⁷
129 1631 290 1704 digne
322 1631 402 1685 vir
432 1630 531 1685 hac
561 1632 718 1695 serie,
749 1631 899 1714 lapso
931 1649 1236 1685 succurrere
1267 1630 1436 1684 amico

203 1701 520 1758 conveniens
550 1701 663 1756 istis
695 1701 929 1756 mor1bus
961 1721 1076 1756 esse
1107 1700 1257 1773 putal
1880 1719 1961 1758 110

82 1879 83 1883 Ἰ
930 1815 1034 1868 111.

12 1931 15 1968 'z
90 1895 91 1898 Ἴ
130 1915 194 1974 Si
223 1924 376 1974 vacat
405 1915 660 1987 exiguum
689 1914 917 2039 ffiofugo
949 1914 1073 1968 dare
1106 1924 1315 1985 tempus
1347 1915 1533 1978 amicO,
1701 1914 1919 1959 FABIO

203 2006 241 2041 ov
267 1987 412 2041 sidus
441 1986 668 2050 Fabiae,
765 1986 962 2049 axime,
993 1986 1190 2056 gentis,
1222 1985 1364 2048 adeS,
1650 1971 1959 2016 MAXIMO·

94 2070 95 2075 ’
127 2059 259 2113 dum
290 2058 410 2122 tibi,
443 2075 580 2128 quae
610 2056 744 2121 vidi,
775 2057 971 2120 refer0,
1003 2075 1097 2110 seu
1129 2057 1359 2127 corporis
1391 2056 1581 2110 umbra

203 2148 297 2184 seu
327 2127 439 2183 veri
469 2147 493 2182 s
534 2127 670 2182 ecies
702 2147 797 2182 seu
827 2128 928 2181 fuit
956 2127 1043 2182 ille
1074 2145 1247 2198 sopor.

87 2243 95 2267 ·,
129 2218 237 2260 nox
267 2208 379 2254 erat
410 2207 464 2254 et
530 2198 690 2253 ifores
722 2198 953 2252 intrabat
981 2199 1108 2252 luna
1138 2198 1411 2261 fenestrae,
1875 2217 1902 2255 5

202 2289 382 2325 mense
412 2269 524 2326 fere
554 2270 729 2324 medio
761 2278 961 2340 quanta
989 2269 1155 2323 nitere
1186 2269 1334 2323 solet.

128 2342 343 2415 publica
371 2360 457 2396 me
487 2340 697 2411 requies
729 2359 974 2394 curarum
1005 2359 1221 2394 somnus
1252 2340 1500 2404 habebat,

200 2413 320 2468 fusa
358 2431 426 2467 ue
457 2421 606 2468 erant
636 2420 744 2466 toto
774 2412 1029 2483 languida
1056 2411 1296 2465 membra
1326 2422 1463 2464 toro:

80 2493 95 2527 s
127 2503 252 2539 cum
282 2503 343 2538 su
383 2484 456 2537 ito
486 2483 661 2556 pinnis
691 2483 921 2554 agitatus
950 2483 1209 2536 inhorruit
1239 2487 1344 2545 aer,

87 2599 91 2606 ¹.
202 2565 255 2610 et
283 2555 487 2628 gemuit
556 2572 682 2608 arvo
712 2563 856 2608 mota
885 2554 1117 2608 fenestra
1147 2572 1292 2607 sono.
1486 2607 1489 2610 ,
1879 2573 1932 2612 10

85 2647 90 2694 j
131 2626 342 2681 territus
371 2627 428 2680 in
457 2644 524 2681 cu
562 2626 696 2680 itum
724 2626 901 2680 relevo
931 2645 1051 2679 mea
1081 2625 1320 2679 membra
1350 2625 1635 2688 sinistrum,

40 2701 41 2706 ’
82 2706 92 2722 ¹
239 2698 387 2751 ulsus
418 2706 471 2751 et
500 2716 530 2751 e
559 2696 764 2768 trepido
795 2706 1007 2768 pectore
1040 2715 1255 2750 somnus
1287 2696 1412 2750 abit.

55 2803 62 2810 »
131 2778 212 2822 sta
252 2778 306 2822 at
335 2769 507 2823 Amor
536 2767 689 2821 vultu
717 2786 824 2822 non
854 2786 960 2836 quo
989 2768 1134 2839 prius
1165 2786 1280 2821 esse
1310 2767 1528 2830 solebat,

96 2874 103 2878 »
202 2839 374 2894 fulcra
403 2847 588 2892 tenens
617 2838 770 2892 laeva
799 2838 960 2891 tristis
991 2857 1183 2892 acerna
1213 2857 1393 2901 manu,

87 2967 90 2970 ,
130 2929 232 2965 nec
260 2919 504 2980 torquem
534 2909 669 2962 collo
699 2926 797 2963 nec
827 2908 1028 2962 habens
1059 2909 1254 2962 crinale
1286 2909 1492 2978 capill0,
1878 2927 1929 2964 15

98 3047 99 3050 Ἴ
203 2999 303 3036 nec
332 2981 470 3039 bene
500 2980 780 3050 dispositas
811 2988 1078 3050 comptuS‚
1110 2988 1170 3032 ut
1199 2988 1343 3042 ante,
1377 2996 1578 3033 comas:
1786 2989 1791 2993 ’

90 3078 92 3082 ·
132 3051 345 3106 horrida
374 3051 676 3122 pendebant
706 3051 889 3104 molles
922 3069 1079 3120 super
1100 3068 1201 3103 tora
1232 3050 1423 3120 capilli,

98 3166 100 3170 ⁷
205 3133 258 3177 et
287 3123 402 3176 visa
432 3131 511 3176 est
540 3122 705 3176 oculis
735 3121 948 3175 horrida
978 3121 1140 3191 pinna
1169 3121 1318 3183 meis,

99 3199 102 3202 ’
130 3193 303 3263 qualis
332 3193 388 3247 in
404 3193 588 3253 ae’riae
619 3201 768 3263 tergo
799 3193 931 3246 solet
962 3211 1076 3245 esse
1107 3192 1401 3255 columbae,

98 3301 101 3308 ·
205 3273 481 3318 tractatam
510 3265 708 3318 multae
739 3282 902 3333 quam
930 3263 1150 3333 tetigere
1180 3282 1384 3324 manus.
1876 3283 1930 3320 20

49 3335 61 3402 j
95 3399 98 3410 Ι
134 3333 276 3388 hunc
305 3335 460 3388 simul
490 3335 707 3406 agnovi,
737 3365 810 3374 —-
837 3352 1010 3404 neque
1041 3334 1180 3388 enim
1209 3333 1338 3387 mihi
1368 3333 1540 3387 notior
1571 3334 1701 3388 alter
1728 3365 1802 3373 —

206 3405 398 3459 talibus
429 3406 609 3460 adfata
638 3415 718 3460 est
746 3406 912 3460 libera
939 3406 1123 3476 lingua
1153 3405 1317 3458 sonis:

52 3543 55 3551 Δ
110 3511 113 3513 -
136 3479 195 3529 ‘o
222 3494 379 3547 puer,
412 3477 555 3531 exilii
583 3478 803 3548 decepto
835 3496 995 3530 causa
1024 3476 1295 3547 magistr0‚

207 3564 368 3616 quem
396 3546 497 3600 fuit
526 3547 704 3601 utilius
734 3566 842 3602 non
872 3548 1112 3602 docuisse
1143 3547 1294 3600 mihil

225 3629 334 3665 om'dio·
351 3629 413 3665 vol.
431 3630 499 3664 III.
692 3623 694 3625 ’
1508 3632 1561 3674 17
