2158 3906
479 332 791 380 'rms'rmM
820 334 942 379 ΜΒ.
973 333 1060 378 111.
1091 333 1179 392 XI,
1210 333 1435 391 25-xl1,
1464 333 1536 379 36.
1762 319 1864 374 163

153 444 206 492 et
234 435 508 505 quoniam,
539 435 653 488 fieri
683 436 826 505 quod
855 454 1148 505 numquam
1176 453 1332 506 posse
1361 433 1562 506 putavi,

224 515 303 560 est
332 505 427 559 tibi
458 506 524 560 de
554 506 712 560 rebus
744 507 976 560 maxima
1005 525 1132 560 cura
1159 506 1316 560 meis:
1896 520 1952 559 70

153 595 259 632 non
290 585 368 630 est
397 576 543 646 quod
572 577 781 631 timeas:
812 577 1026 631 fortuna
1054 577 1348 632 miserrima
1375 586 1555 631 nostra
1584 584 1681 639 est,

225 666 378 702 omne
409 646 569 701 trahit
599 666 779 702 secum
810 646 1055 702 Caesaris
1084 648 1164 703 ira
1192 649 1408 702 malum.
1583 656 1585 659 “

154 718 295 789 quod
325 717 496 789 magis
526 726 586 772 ut
614 719 836 788 liqueat,
866 738 1000 773 neve
1031 718 1130 773 hoc
1161 738 1262 790 ego
1291 719 1491 790 fingere
1523 717 1729 783 credar,

224 789 362 861 ipse,
393 789 577 853 velim,
607 807 805 861 poenas
836 791 1108 861 experiare
1138 790 1307 845 measl

937 903 1075 957 XII.

153 1001 377 1073 Frigora
405 1002 512 1057 iam
541 1002 760 1074 zephyri
790 1003 1060 1066 minuunt,
1092 1003 1411 1073 tandemque
1442 1010 1660 1074 peracta

59 1142 63 1145 Α
225 1073 432 1157 longior
461 1074 685 1145 intepuit
714 1074 828 1128 visa
858 1074 1082 1128 Tomitis
1112 1074 1306 1138 hiems3

153 1145 560 1215 imposltamque
591 1144 690 1198 sibi
721 1145 813 1214 qui
841 1163 948 1199 non
978 1145 1113 1199 bene
1143 1145 1358 1216 pertulit
1388 1144 1601 1206 Hellen,

226 1225 464 1286 tempora
494 1215 763 1270 nocturnis
795 1233 966 1285 aequa
996 1216 1185 1269 diurna
1214 1215 1358 1268 facit.

153 1286 261 1340 iarn
291 1286 456 1341 violas
485 1286 742 1357 puerique
771 1287 954 1356 legunt
984 1286 1280 1355 hilaresque
1311 1284 1537 1355 puellae,
1899 1299 1927 1338 5

224 1357 421 1411 rustica
450 1375 582 1426 quas
611 1358 756 1411 nullo
788 1366 927 1411 terra
956 1365 1160 1410 serente
1191 1355 1350 1409 vehit.

153 1437 411 1498 prataque
441 1428 738 1499 pubescunt
767 1427 1032 1481 variorum
1061 1428 1188 1480 flore
1219 1426 1472 1489 colorum,

225 1498 543 1568 indocilique
571 1499 767 1567 loquax
795 1507 1010 1568 gutture
1040 1507 1226 1551 vernat
1256 1497 1385 1550 avis.

154 1578 317 1638 utque
347 1569 518 1623 malae
549 1570 746 1623 crimen
775 1568 958 1622 matris
989 1568 1242 1640 deponat,
1273 1566 1499 1620 hirundo

225 1639 324 1693 sub
355 1639 590 1693 trabibus
622 1658 783 1693 cunas
814 1648 1058 1709 tectaque
1089 1658 1255 1711 parva
1283 1638 1427 1691 facit.
1902 1654 1960 1694 ιο

155 1710 446 1780 herbaque,
476 1728 612 1780 quae
642 1710 795 1764 latuit
826 1708 1138 1765 Cerealibus
1169 1710 1357 1763 obruta
1387 1707 1563 1772 sulcis,

225 1781 419 1835 excitat
448 1800 478 1836 e
507 1781 688 1853 tepida
716 1782 874 1835 molle
905 1800 1159 1836 cacumen
1188 1781 1368 1835 humo·

155 1870 365 1922 quoque
394 1853 510 1907 loco
540 1862 619 1907 est
649 1853 793 1917 vitis,
825 1853 891 1907 de
920 1852 1135 1924 palmite
1165 1871 1379 1923 gemma
1409 1858 1679 1905 movetur:

225 1923 319 1978 sed
347 1924 532 1995 procul
562 1943 596 1978 a
626 1922 817 1978 Get-ico
846 1924 997 1978 litore
1027 1924 1148 1977 vitis
1179 1924 1346 1978 abest.

156 2012 365 2064 quoque
394 1995 511 2049 loco
542 2003 620 2050 est
650 1995 828 2057 arbor,-
859 1995 1114 2065 turgescit
1141 1995 1197 2048 in
1227 1995 1413 2048 arbore
1443 2010 1653 2049 ramus:
1899 2009 1953 2050 15

227 2065 319 2119 sed
349 2065 534 2136 procul
564 2085 597 2120 a
627 2063 830 2120 Geticis
860 2066 1054 2119 finibus
1085 2065 1242 2119 arbor
1272 2065 1440 2119 abest.

155 2136 262 2190 otia
290 2154 432 2190 nunc
460 2136 602 2200 istic,
633 2136 930 2205 iunctisque
961 2155 1027 2191 ex
1057 2137 1239 2190 ordine
1268 2136 1407 2190 ludis

227 2207 421 2261 cedunt
450 2207 660 2262 verbosi
689 2209 903 2278 garrula
932 2207 1072 2261 bella
1101 2207 1217 2261 fori.

154 2277 302 2333 lusus
334 2278 483 2347 equis
513 2296 655 2332 nunc
686 2288 788 2342 est,
818 2278 1023 2332 levibus
1052 2297 1195 2333 nunc
1225 2277 1423 2331 luditur
1453 2277 1633 2341 armis,

226 2367 366 2402 nunc
396 2349 527 2432 pila,
559 2368 701 2403 nunc
733 2350 888 2403 celeri
918 2350 1148 2403 volvitur
1179 2349 1306 2404 orbe
1336 2348 1576 2412 trochus3
1898 2364 1956 2404 20

155 2438 297 2472 nunc
326 2420 419 2473 ubl
449 2420 664 2491 perfusa
694 2430 774 2474 est
804 2421 920 2474 oleo
950 2420 1161 2476 labente
1190 2420 1455 2483 iuventuS,

227 2490 462 2544 defessos
493 2501 638 2545 artus
669 2492 892 2562 Virgine
923 2492 1117 2562 tinguit
1146 2509 1302 2560 aqua.

158 2579 348 2617 scaena
378 2562 546 2633 viget,
578 2563 869 2631 studiisque
900 2562 1052 2616 favor
1083 2562 1398 2616 distantibus
1429 2560 1594 2624 ardet,

229 2650 454 2701 cumque
483 2633 652 2687 tribus
681 2643 929 2688 resonant
958 2644 1107 2688 terna
1137 2633 1341 2688 theatra
1371 2633 1517 2685 foris,

159 2721 191 2756 o
221 2712 429 2772 quater,
461 2722 492 2757 o
522 2704 764 2772 quotiens
794 2723 901 2758 non
931 2715 1010 2758 est
1037 2724 1340 2768 numerare,
1371 2704 1605 2767 beatum,
1899 2718 1952 2757 25

228 2793 334 2827 non
363 2775 639 2829 interdicta
668 2775 754 2828 cui
782 2775 905 2829 licet
933 2776 1065 2829 urbe
1095 2775 1227 2828 frui!

160 2853 214 2898 at
241 2845 369 2898 mihi
399 2845 620 2898 sentitur
648 2846 741 2899 nix
770 2865 931 2899 verno
963 2847 1072 2899 sole
1103 2847 1295 2909 soluta,

230 2933 471 2984 quaeque
500 2917 621 2969 lacu
651 2916 784 2969 duro
814 2935 921 2970 non
949 2916 1222 2969 fodiuntur
1252 2934 1447 2984 aquae:

159 3004 257 3040 nec
287 3006 430 3040 mare
462 2987 748 3040 concrescit
777 2988 971 3057 glacie,
1000 3006 1099 3041 nec
1128 2996 1189 3040 ut
1218 2997 1364 3050 ante,
1395 3005 1490 3056 per
1519 2985 1767 3040 Histrum

231 3058 451 3111 stridula
482 3057 821 3112 Sauromates
853 3059 1090 3128 plaustra
1117 3057 1381 3111 bubulcus
1413 3056 1540 3127 agit.
1902 3072 1958 3112 30

163 3127 208 3180 si
235 3137 410 3182 tamen
439 3128 690 3199 incipient
720 3129 926 3197 aliquae
956 3128 1061 3182 huc
1091 3128 1286 3183 adnare
1317 3128 1543 3191 carinae,

233 3198 545 3270 hospitaque
574 3200 628 3253 in
657 3200 818 3253 Ponti
846 3200 998 3254 litore
1027 3200 1222 3270 puppis
1254 3199 1377 3253 erit:

167 3268 376 3323 sedulus
406 3289 679 3325 occurram
707 3280 926 3335 nautae,
958 3271 1203 3340 dictaque
1235 3271 1421 3333 salute,

169 3408 173 3412 ‚
235 3341 363 3408 quid
391 3341 590 3405 veniat,
621 3360 895 3412 quaeram,
926 3342 1110 3412 quisve
1141 3342 1400 3411 quibusve
1429 3340 1576 3394 locis.

166 3409 252 3464 ille
282 3411 493 3480 quidem
522 3413 714 3466 mirum
743 3413 799 3466 ni
829 3413 895 3468 de
923 3412 1139 3484 regione
1169 3413 1468 3484 propinqua
1908 3429 1962 3467 35

241 3500 346 3534 non
375 3482 476 3535 nisi
505 3483 704 3538 vicinas
734 3493 878 3538 tutus
909 3484 1066 3538 ararit
1098 3502 1279 3554 aquae.

1513 3566 1596 3609 11*
