2158 3906
809 358 1007 406 IBIDIS
1036 359 1280 406 432—519.
1797 345 1901 402 211

262 468 384 515 ante
415 459 555 515 diem
584 469 736 532 rapto
765 480 872 516 non
903 461 1147 516 adeunda
1176 460 1375 523 Thas0‚

190 531 388 602 quique
408 533 749 598 *verecundae
778 535 1137 603 speculantem
1166 532 1316 586 labra
1344 530 1572 595 Dianae,

263 602 460 672 quique
492 599 850 673 Crotopiaden
881 604 1142 674 diripuere
1172 601 1388 656 Linum.

190 691 324 728 neve
355 682 615 728 venenato
645 674 814 728 levius
843 674 1047 728 feriaris
1079 674 1147 727 ab
1178 693 1369 745 angue,

262 762 423 814 quam
453 743 591 798 senis
623 742 826 816 Oeagri
857 743 1230 815 Calliopesque
1259 763 1441 807 nurus,
1665 777 1672 784 ·
1930 759 2021 800 480

192 833 354 886 quam
383 833 516 886 puer
544 815 897 899 Hypsipyles,
930 834 1090 885 quam
1121 816 1212 885 qui
1242 834 1374 870 cava
1402 813 1603 886 primus
1633 822 1792 869 acuta

263 885 480 957 cuspide
511 896 742 957 suspecti
771 887 963 940 robora
992 887 1106 939 fixit
1136 887 1274 956 equi.

190 975 325 1012 neve
354 956 553 1027 gradus
584 957 743 1011 adeas
774 957 1041 1029 Elpenore
1072 957 1276 1011 cautius
1307 958 1459 1021 altos,

262 1027 474 1097 vimque
504 1028 644 1082 feras
675 1028 807 1091 vini,
840 1047 946 1098 quo
976 1029 1097 1083 tulit
1124 1029 1211 1083 ille
1239 1029 1414 1082 mod0.

190 1107 406 1169 tamque
437 1099 596 1153 cadas
625 1099 871 1162 domitus,
903 1118 1063 1169 quam
1093 1100 1210 1169 quis
1249 1100 1331 1153 uis
1362 1098 1430 1152 ad
1454 1117 1601 1153 arma
1623 1105 1903 1154 vocantem
1935 1113 2021 1154 485

262 1169 395 1224 iuvit
423 1170 771 1224 inhumanum
801 1170 1192 1224 Thiodamanta
1278 1189 1461 1253 ryops:

120 1262 121 1265 ¹
191 1258 352 1311 quam
381 1240 525 1295 ferus
554 1241 669 1312 ipse
700 1259 795 1295 suo
863 1241 980 1295 eriit
1010 1250 1268 1295 mactatus
1297 1260 1353 1294 1n
1383 1249 1532 1294 antro

262 1311 500 1382 proditus
530 1311 763 1366 inclusae
847 1330 972 1366 acus
1006 1312 1074 1365 ab
1105 1330 1195 1365 ore
1226 1311 1401 1364 bovis:

191 1400 352 1452 quam
381 1383 474 1453 qui
503 1383 644 1436 dona
672 1383 792 1436 tulit
820 1382 1022 1436 Nesseo
1052 1382 1216 1435 tincta
1245 1400 1451 1436 veneno

262 1452 638 1537 Euboicasque
670 1472 765 1507 suo
795 1453 1052 1524 sanguine
1083 1453 1238 1506 tinxit
1267 1470 1450 1521 aquas.
1939 1467 2025 1507 490

190 1525 275 1578 vel
306 1524 371 1578 de
400 1524 675 1595 praecipiti
705 1524 886 1578 venias
915 1524 970 1576 in
999 1523 1223 1578 Tartara
1252 1540 1396 1585 sax0,

262 1604 321 1648 ut
350 1595 442 1664 qui
473 1593 803 1649 Socraticum
833 1594 899 1648 de
929 1613 1058 1648 nece
1088 1593 1217 1676 legit
1245 1612 1402 1665 opus:

189 1674 248 1719 ut
277 1666 370 1734 qui
399 1664 639 1720 Theseae
669 1665 879 1719 fallacia
908 1666 1027 1720 vela
1056 1683 1265 1719 carinae

261 1736 414 1790 vidit:
446 1744 508 1790 ut
536 1734 702 1791 Iliaca
731 1737 922 1790 missus
954 1736 1022 1790 ab
1053 1754 1172 1790 arce
1203 1754 1357 1807 puer:

190 1816 250 1861 ut
279 1807 445 1863 teneri
474 1807 676 1871 nutrix,
709 1808 895 1862 eadem
925 1817 1230 1870 matertera,
1260 1804 1486 1861 Bacchi:
1939 1821 2025 1862 495

262 1888 322 1932 ιιι
351 1878 436 1933 cui
467 1897 628 1932 causa
656 1880 799 1933 necis
831 1898 974 1933 serra
1003 1888 1212 1961 reperta
1241 1877 1365 1931 fuit:

189 1949 371 2003 invida
400 1968 456 2004 se
488 1950 716 2033 scopulis
746 1960 805 2003 ut
835 1950 986 2020 virgo
1016 1950 1158 2002 misit
1188 1949 1256 2002 ab
1288 1947 1424 2012 altis,

263 2021 467 2075 dixerat
495 2019 660 2074 inv1to
690 2020 833 2090 quod
861 2021 1002 2074 mala
1031 2020 1194 2074 verba
1225 2019 1340 2073 dec.

189 2091 302 2147 feta
331 2092 427 2145 tibi
457 2101 698 2146 occurrat
726 2091 896 2162 patrio
926 2091 1195 2162 popularis
1224 2090 1279 2143 in
1309 2107 1436 2143 arvo

263 2163 436 2232 sitque
465 2162 797 2217 Phalaeceae
828 2181 989 2216 causa
1016 2163 1203 2216 leaena
1231 2160 1392 2214 necis.
1937 2174 2026 2215 500

191 2234 388 2304 quique
419 2233 766 2304 Lycurgiden
795 2233 976 2287 letavit
1007 2242 1059 2286 et
1089 2232 1276 2286 arbore
1305 2240 1491 2284 natum

263 2304 592 2374 Idmonaque
624 2304 905 2368 audacem,
935 2313 987 2358 te
1018 2321 1230 2373 quoque
1260 2311 1470 2373 rumpat
1501 2320 1645 2373 aper.

190 2375 341 2445 isque
372 2376 456 2429 vel
487 2375 742 2429 exanimis
772 2375 934 2429 faciat
962 2375 1059 2427 tibi
1089 2374 1281 2428 vulnus
1292 2414 1306 2438 ,
1337 2385 1397 2427 ut
1425 2373 1519 2437 illi,

264 2466 356 2500 ora
386 2465 545 2518 super
573 2446 666 2499 fixi
696 2465 855 2516 quem
886 2446 1122 2500 cecidere
1153 2444 1287 2498 suis:

193 2517 303 2572 sive
332 2517 498 2582 idem,
531 2517 684 2571 simili
717 2518 873 2588 pinus
903 2535 1063 2585 quem
1093 2524 1260 2569 morte
1290 2514 1529 2586 peremit,
1939 2530 2025 2569 505

263 2587 449 2659 Phryx
481 2597 531 2643 et
561 2597 781 2642 venator
810 2589 880 2642 sis
909 2586 1341 2658 Berecyntiades.

194 2659 239 2714 si
269 2669 361 2712 tua
390 2659 669 2730 contigerit
697 2660 911 2713 Minoas
941 2659 1136 2730 puppis
1166 2658 1409 2720 harenas,

266 2741 318 2784 te
350 2727 709 2800 Corcyraeum
742 2729 928 2784 Cresia
957 2730 1114 2783 turba
1143 2738 1309 2800 putet.

193 2802 568 2871 lapsuramque
598 2801 815 2853 domum
845 2801 1059 2864 subeas,
1090 2809 1150 2853 ut
1181 2798 1396 2869 sanguis
1427 2798 1656 2861 Aleuae,

267 2871 418 2924 stella
446 2870 814 2941 Leoprepidae
845 2890 966 2924 cum
995 2870 1097 2923 fuit
1127 2888 1297 2939 aequa
1326 2869 1456 2922 viro.
1940 2887 2026 2926 510

195 2952 359 3011 utque
390 2941 475 2995 vel
503 2941 749 3004 Euenus,
779 2941 998 2995 torrenti
1026 2941 1242 2994 flumine
1272 2958 1477 2992 mersus

267 3012 483 3066 nomina
512 3012 605 3067 des
634 3012 875 3083 rapidae,
906 3012 991 3066 vel
1020 3011 1328 3073 Tiberinus,
1361 3027 1549 3078 aquae.

196 3083 591 3152 Astacidaeque
622 3084 778 3136 modo
809 3083 985 3137 decisa
1016 3083 1273 3136 cadavere
1302 3089 1506 3142 truncO,

271 3155 432 3226 digna
461 3153 611 3222 feris,
642 3154 841 3207 homini
870 3155 938 3207 sit
967 3163 1124 3223 caput
1156 3172 1277 3207 esca
1305 3160 1474 3214 tuum,

200 3226 449 3296 quodque
479 3225 655 3279 ferunt
684 3226 918 3279 Brotean
946 3225 1135 3279 fecisse
1167 3222 1411 3295 cupidine
1441 3222 1643 3286 mortiS,
1942 3240 2027 3280 515

273 3297 364 3350 des
396 3306 488 3350 tua
516 3314 800 3351 succensae
830 3296 1068 3350 membra
1097 3294 1380 3349 cremanda
1409 3311 1591 3363 pyrae.

201 3368 540 3436 inclususque
570 3387 754 3422 necem
785 3386 949 3421 cavea
976 3367 1215 3438 patiaris,
1246 3375 1307 3419 ut
1335 3365 1423 3419 ille

274 3455 381 3491 non
409 3438 740 3508 profecturae
770 3439 1008 3493 conditor
1037 3438 1302 3492 historiae.

205 3518 370 3578 utque
398 3510 652 3579 repertori
680 3511 860 3565 nocuit
889 3510 1146 3582 pugnacis
1176 3508 1358 3573 iambi,

1555 3590 1638 3633 14*
