2158 3906
298 295 366 348 86
846 308 903 351 Ρ.
937 307 1145 353 OVIDII
1174 306 1445 354 NASONIS

186 426 267 464 225
298 418 354 461 tu
383 427 593 477 quoque
622 427 815 461 nomen
843 408 1006 461 habes
1040 409 1229 471 cultos,
1259 408 1314 460 N
1315 410 1530 472 arcisse,
1562 429 1656 480 per
1686 410 1883 473 hortOS,

369 479 576 541 infelix,
608 479 750 546 quod
779 496 886 530 non
916 480 1047 532 alter
1077 488 1130 531 et
1159 480 1289 532 alter
1320 480 1457 532 eras!

299 551 427 618 quid
459 549 667 602 Crocon
697 558 789 601 aut
818 549 974 601 Attin
1003 549 1228 602 referam
1261 548 1566 620 Cinyraque
1597 561 1850 615 creatum,

372 621 436 673 de
468 638 691 688 quorum
720 638 816 689 per
845 638 930 672 me
960 620 1174 674 volnere
1205 622 1373 691 surgit
1403 621 1601 673 honor?

282 690 448 742 'Mars
479 708 712 758 quoque,
744 690 788 742 si
817 690 1012 754 nesciS,
1044 710 1139 761 per
1166 701 1371 744 nostras
1402 693 1571 745 editus
1603 701 1765 745 artes:

184 777 268 816 230
369 761 609 829 Iuppiter
638 760 739 812 hoc
768 769 826 813 ut
856 761 1029 814 adhuc
1059 763 1283 825 nesciat,
1314 781 1482 831 usque
1513 781 1715 832 precor.

297 841 479 883 sancta
508 831 693 883 Iovem
721 831 882 895 Iuno,
916 841 1041 885 nata
1071 833 1182 885 sine
1212 842 1379 886 matre
1410 834 1673 897 Minerva,

368 901 542 953 officio
575 901 740 953 doluit
770 921 874 955 non
907 903 1116 972 eguisse
1148 922 1259 956 suo.

297 971 430 1034 ibat,
462 981 522 1024 ut
554 970 773 1025 Oceano
805 983 1111 1042 quereretur
1139 974 1281 1027 facta
1309 974 1506 1027 mariti:

368 1043 556 1095 restitit
586 1043 655 1095 ad
683 1052 888 1096 nostras
918 1045 1058 1097 fessa
1087 1045 1266 1097 labore
1297 1045 1453 1098 fores.

183 1129 266 1169 235
298 1131 457 1183 quam
488 1114 644 1166 simul
674 1115 879 1185 aspexi,
912 1116 1083 1183 “quid
1114 1125 1186 1177 te,
1221 1115 1510 1169 Saturnia'’
1544 1117 1654 1168 dixi

369 1185 653 1237 “attulit?'’
687 1187 923 1255 exponit,
954 1205 1114 1254 quem
1143 1195 1312 1257 petat,
1343 1187 1454 1249 illa,
1485 1188 1684 1250 locum3

298 1255 500 1308 addidit
530 1265 582 1308 et
613 1274 844 1309 causam.
919 1258 1092 1310 verbis
1126 1258 1333 1324 solabar
1363 1258 1560 1311 amicis.

372 1326 557 1378 “non’'
589 1327 759 1395 inquit
790 1328 1008 1381 “verbis
1040 1347 1166 1381 cura
1194 1329 1420 1382 levanda
1449 1347 1568 1381 mea
1598 1336 1694 1382 est.

299 1397 343 1452 si
373 1407 521 1466 pater
551 1407 630 1450 est
659 1399 831 1451 factus
862 1401 1104 1468 neglecto
1135 1399 1373 1469 coniugis
1404 1419 1507 1452 usu

182 1484 267 1524 240
367 1468 630 1537 Iuppiter,
662 1478 711 1521 et
744 1471 885 1522 solus
916 1489 1109 1523 nornen
1139 1479 1422 1539 utrumque
1453 1479 1611 1533 tenet,

298 1557 392 1592 cur
422 1557 522 1608 ego
554 1539 827 1609 desperem
856 1540 970 1594 fieri
1001 1541 1111 1594 sine
1144 1542 1367 1611 coniuge
1397 1550 1581 1602 mater,

369 1619 421 1662 et
450 1629 634 1679 parere
665 1610 884 1674 intacto,
916 1612 1201 1664 dummodo
1233 1621 1404 1675 cast-a,
1435 1612 1578 1664 viro?

296 1680 474 1732 omnia
503 1682 772 1750 temptabo
802 1682 920 1735 latis
950 1683 1300 1735 medicamina
1329 1683 1496 1745 terriS,

368 1760 418 1803 et
449 1751 583 1804 freta
613 1752 895 1805 Tartareos
928 1754 1297 1821 excutiamque
1329 1753 1525 1805 sinuS.''

182 1838 265 1877 245
298 1840 403 1875 vox
433 1831 544 1874 erat
574 1823 629 1875 in
659 1841 839 1875 cursu:
873 1825 1074 1876 voltum
1105 1823 1391 1876 dubitantis
1414 1823 1709 1877 habebam:

370 1893 589 1945 “nescio
620 1894 771 1961 quid,
803 1895 1059 1964 nymphe,
1091 1913 1246 1964 posse
1275 1894 1509 1947 videris''
1543 1895 1629 1946 ait.

297 1972 375 2015 ter
405 1964 549 2016 volui
577 1965 882 2033 promittere
912 1984 1092 2035 opem,
1126 1975 1205 2018 ter
1231 1966 1416 2035 lingua
1444 1974 1648 2018 retenta
1678 1974 1779 2019 est:

366 2034 445 2087 ira
474 2035 616 2086 Iovis
646 2036 827 2105 magni
858 2054 1016 2088 causa
1046 2036 1246 2088 timoris
1277 2044 1405 2089 erat.

298 2104 445 2168 “fer,
475 2124 684 2174 precor,
717 2106 1037 2159 auxiliu1n1''
1071 2107 1203 2159 dixit
1232 2106 1529 2160 “celabitur
1560 2108 1810 2171 auctor'';

181 2192 266 2231 250
369 2187 420 2228 et
451 2175 673 2246 Stygiae
703 2197 901 2230 numen
930 2177 1239 2231 testificatur
1269 2196 1455 2247 aquae.

298 2247 482 2315 “quod
511 2248 671 2315 petis,
705 2246 950 2301 Oleniis’'
982 2250 1200 2316 inquam
1230 2249 1399 2301 “mihi
1428 2248 1618 2302 missus
1650 2250 1717 2302 ab
1749 2250 1888 2302 arvis

366 2318 462 2369 flos
495 2319 641 2369 dabit
670 2348 742 2355 —
771 2329 849 2372 est
878 2319 1041 2371 hortis
1072 2320 1258 2372 unicus
1287 2319 1375 2379 ille
1405 2320 1551 2372 meis.

296 2388 388 2456 qui
406 2388 583 2450 dabat,
608 2388 823 2442 “‘hoc’''
842 2390 974 2442 dixit
990 2395 1039 2419 “⁶
1049 2390 1279 2443 sterilem
1295 2408 1506 2458 quoque
1523 2400 1681 2460 tange
1697 2391 2004 2447 iuvencamz

368 2468 535 2512 mater
564 2459 727 2511 erit.'''
802 2461 974 2530 tetigi3
1006 2479 1104 2513 nec
1135 2479 1304 2513 mora:
1336 2470 1503 2513 mater
1534 2461 1694 2513 erat.’'

181 2545 264 2583 255
297 2529 534 2599 protinus
565 2529 869 2583 haerentem
900 2531 1138 2600 decerpsi
1167 2531 1353 2600 pollice
1384 2532 1588 2584 florem:

368 2601 626 2669 tangitur,
658 2610 709 2653 et
738 2610 877 2653 tacto
910 2602 1138 2671 concipit
1167 2603 1256 2654 illa
1288 2603 1422 2654 sinu·

295 2670 507 2738 iamque
537 2672 715 2741 gravis
745 2672 990 2725 Thracen
1021 2683 1073 2725 et
1101 2673 1253 2725 laeva
1282 2673 1637 2743 Propontidos
1667 2673 1827 2727 intrat

367 2742 529 2809 fitque
558 2752 745 2811 potens
778 2744 909 2806 voti,
940 2744 1198 2811 Marsque
1229 2753 1434 2796 creatus
1466 2753 1594 2797 erat.

297 2812 389 2880 qui
419 2816 620 2865 ‘memor
650 2814 853 2883 accepti
882 2833 976 2884 per
1005 2834 1090 2867 me
1120 2815 1309 2867 natalis
1341 2815 1575 2868 “habeto

181 2899 266 2938 260
368 2892 426 2935 tu
457 2901 667 2952 quoque
699 2885 999 2938 Romulea''
1032 2885 1163 2937 dixit
1194 2886 1290 2938 “in
1320 2886 1450 2938 urbe
1480 2885 1708 2939 locum.'’

295 2953 515 3007 forsitan
543 2954 599 3007 in
629 2956 820 3008 teneris
851 2964 1057 3009 tantum
1085 2975 1203 3009 mea
1232 2975 1398 3026 regna
1428 2957 1633 3009 coronis

369 3044 483 3077 esse
514 3027 698 3094 putes?
729 3027 899 3097 tangit
927 3046 1125 3080 numen
1156 3036 1207 3080 et
1238 3047 1365 3080 arva
1394 3047 1588 3080 meum.

297 3095 343 3147 si
372 3095 506 3148 bene
536 3096 806 3149 floruerint
837 3107 1064 3167 segeteS,
1096 3097 1192 3150 erit
1223 3117 1346 3151 area
1376 3098 1549 3150 dives:

370 3167 413 3217 si
443 3166 577 3219 bene
608 3168 841 3220 floruerit
871 3169 1047 3230 vinea,
1079 3168 1324 3220 Bacchus
1356 3169 1475 3220 erit:

184 3252 266 3291 265
299 3235 343 3288 si
374 3236 507 3288 bene
537 3237 806 3294 floruerint
836 3239 1006 3300 oleae,
1037 3238 1379 3290 nitidissimus
1407 3246 1603 3291 annus:

369 3325 632 3376 pomaque
663 3317 977 3377 proventum
1008 3308 1257 3377 temporis
1288 3308 1691 3367 huiUS‚habent.

298 3378 426 3430 flore
458 3379 620 3430 semel
648 3378 791 3431 laeso
821 3388 1042 3448 pereunt
1072 3378 1344 3446 viciaeque
1374 3379 1653 3448 fabaeque,

371 3458 421 3501 et
452 3458 671 3518 pereunt
703 3450 892 3512 lentes,
926 3449 1128 3503 advena
1159 3449 1304 3513 Nile,
1336 3459 1473 3503 tuae.
