2158 3906
546 330 895 379 FASTORUM
924 331 1045 377 LIB.
1077 331 1158 378 VI.
1193 332 1433 377 173—253.
1746 321 1847 373 103

137 431 501 503 Quaerebam,
530 432 714 486 Nonas
747 433 922 487 Sanco
954 433 1177 488 Fidione
1207 434 1456 487 referrem
1648 432 1696 475 5·
1728 432 1775 474 D
1807 431 1971 475 NON

209 524 276 557 an
305 502 426 568 tibi,
457 501 619 558 Semo
651 513 815 574 pater.
892 514 1002 557 tum
1035 504 1164 557 mihi
1196 503 1402 558 Sancus
1433 504 1530 557 aitz

137 576 480 644 ‘cuicumque
511 593 576 628 ex
606 574 719 628 istis
750 575 983 638 dederis,
1016 594 1115 645 ego
1146 593 1337 628 munus
1368 575 1592 628 habebo·
1878 591 1961 629 215

207 645 422 699 nomina
451 653 601 700 terna
630 645 759 699 fer0.
835 647 910 700 sic
941 647 1154 700 voluere
1187 644 1390 700 Cures.'

135 716 278 771 hunc
306 715 471 787 igitur
501 725 703 771 veteres
735 716 995 770 donarunt
1027 717 1157 771 aede
1191 717 1376 771 Sabini

207 787 366 857 inque
397 785 661 854 Quirinali
693 789 1010 843 constituere
1041 788 1185 858 iugo,

134 913 236 969 Est
265 913 394 968 mihi
415 944 488 954 —
510 913 698 984 sitque,
729 933 930 986 precor,
962 916 1153 970 nostris
1185 915 1478 970 diuturnior
1508 919 1658 972 annis
1683 947 1755 956 —
1783 914 1829 959 6·
1862 916 1971 960 ΕΝ

208 985 338 1049 filia,
369 1003 475 1055 qua
504 985 631 1040 felix
663 987 857 1058 sospite
888 1006 1095 1058 semper
1126 1006 1231 1041 er0.
1879 1004 1962 1042 220

10 1115 11 1118 ¹
58 1123 60 1127 .
134 1056 271 1111 hanc
304 1074 403 1127 ego
435 1075 557 1110 cum
587 1057 777 1111 vellem
806 1076 1002 1129 genero
1035 1058 1183 1121 dare,
1216 1069 1454 1128 tempora
1484 1058 1649 1112 taedis

208 1136 332 1198 apta
361 1128 718 1198 requirebam,
750 1147 992 1198 quaeque
1023 1129 1260 1182 cavenda
1290 1128 1479 1181 forent.

134 1206 250 1251 tum
280 1197 407 1251 mihi
437 1207 557 1269 post
587 1217 763 1253 sacras
794 1208 1114 1252 monstratur
1145 1198 1328 1252 Iunius
1362 1198 1489 1250 Idus

206 1269 349 1322 utilis
381 1277 433 1323 et
461 1270 664 1339 nuptis,
695 1269 835 1323 utilis
867 1288 981 1323 esse
1012 1269 1163 1331 viris3

132 1339 408 1412 primaque
476 1358 559 1393 ars
590 1339 746 1393 huius
778 1339 1020 1392 thalamis
1051 1339 1223 1393 aliena
1252 1350 1459 1410 reperta
1490 1350 1585 1393 est.
1879 1359 1962 1397 225

205 1429 328 1464 nam
359 1409 432 1463 mi
470 1410 489 1463 i
518 1410 593 1464 sic
623 1410 852 1464 coniunx
883 1419 1066 1464 sancta
1095 1409 1268 1464 Dialis
1299 1411 1395 1463 ait:

131 1481 328 1536 ‘donec
358 1481 426 1534 ab
457 1480 621 1535 Iliaca
650 1481 889 1564 placidus
957 1481 1235 1605 urpgimina
1265 1481 1432 1535 Vesta

205 1551 448 1607 detulerit
476 1551 626 1606 flavis
655 1572 710 1606 ιιι
740 1570 885 1606 mare
966 1552 1036 1622 hy
1077 1553 1146 1606 ris
1182 1551 1351 1621 aquis,

132 1641 240 1677 non
269 1621 398 1676 mihi
427 1621 674 1677 detonsos
706 1624 874 1678 crines
906 1623 1183 1706 depectere
1215 1623 1374 1687 bux0,

205 1711 311 1748 non
339 1712 546 1765 ungues
576 1694 715 1749 ferro
747 1695 1078 1749 subsecuisse
1110 1694 1248 1755 licet,
1877 1713 1963 1752 230

131 1782 240 1819 ιιοιι
269 1764 506 1836 tetigisse
535 1764 731 1830 virum,
762 1765 1004 1836 quamvis
1036 1765 1179 1818 Iovis
1212 1766 1298 1820 ille
1330 1767 1592 1829 sacerdos,

206 1835 448 1906 quamvis
478 1846 734 1908 perpetua
764 1837 831 1890 sit
860 1836 987 1890 mihi
1018 1837 1134 1907 lege
1167 1837 1338 1890 datus.

130 1916 193 1961 tu
223 1924 434 1977 quoque
463 1926 531 1961 ne
561 1926 809 1979 propera:
841 1908 1028 1962 melius
1060 1919 1152 1961 tua
1182 1908 1288 1960 filia
1319 1908 1499 1971 nubet,

205 1979 364 2049 ignea
393 1996 514 2032 cum
545 1997 679 2049 pura
707 1979 874 2035 Vesta
903 1979 1089 2033 nitebit
1120 1978 1313 2033 humo)

131 2105 316 2159 Tertia
346 2114 465 2176 post
494 2106 676 2160 Nonas
707 2124 977 2160 removere
1008 2106 1265 2176 Lycaona
1295 2105 1514 2160 Phoebe
1790 2104 1832 2149 7·
1866 2106 1908 2149 F
1916 2108 1967 2149 -V

206 2176 395 2240 fertur,
425 2185 478 2230 et
508 2196 540 2231 a
569 2186 718 2247 tergo
749 2195 854 2230 non
886 2177 1045 2231 habet
1076 2176 1219 2230 Ursa
1248 2187 1463 2230 metum.
1877 2195 1958 2233 236

131 2256 262 2301 tunc
294 2265 394 2318 ego
424 2266 508 2302 me
539 2248 754 2301 memini
783 2247 936 2301 ludos
966 2248 1020 2301 in
1091 2248 1289 2301 ramine
1322 2245 1515 2318 Campi

206 2318 439 2389 aspicere
470 2327 522 2372 et
552 2318 679 2380 dici,
711 2319 911 2373 lubrice
941 2267 1169 2389 Thyffiri,
1202 2329 1338 2372 tuos.

131 2387 269 2443 festa
298 2388 410 2443 dies
439 2389 565 2453 illis,
596 2389 687 2458 qui
717 2389 824 2443 lina
853 2390 1120 2444 madentia
1151 2390 1351 2443 ducunt

205 2459 405 2529 quique
430 2469 615 2531 tegunt
646 2460 821 2531 parvis
854 2480 976 2515 aera
1005 2479 1225 2515 recurva
1256 2460 1402 2514 cibis.
1877 2480 1959 2517 240

129 2578 292 2634 Mens
323 2597 535 2649 quoque
563 2599 761 2634 numen
792 2581 966 2636 habet.
1013 2581 1213 2635 Mentis
1245 2580 1466 2634 delubra
1496 2581 1735 2636 videmus
1778 2579 1822 2624 8·
1859 2581 1963 2647 GN

205 2659 330 2704 vota
358 2661 502 2704 metu
532 2651 678 2713 belli,
709 2653 908 2722 perfide
938 2653 1148 2715 Poene,
1179 2653 1272 2705 tui.
1761 2638 1957 2712 ιῆζῖΗ

129 2719 339 2784 Poene,
369 2722 676 2786 rebellaraS,
708 2732 757 2776 et
789 2724 892 2776 leto
924 2723 1152 2776 consulis
1184 2742 1367 2776 omnes
1778 2722 1941 2757 ‘MNT

206 2791 412 2845 attoniti
442 2792 662 2845 Mauras
693 2794 1006 2863 pertimuere
1038 2813 1243 2846 manus,

135 2881 284 2934 spem
315 2871 485 2916 metus
516 2864 812 2933 expulerat,
846 2883 967 2917 cum
998 2865 1173 2917 Menti
1203 2875 1327 2917 vota
1358 2875 1569 2918 senatus
1877 2882 1958 2920 245

206 2933 448 3016 suscipit:
481 2942 534 2987 et
563 2934 748 2987 melior
776 2935 1014 3004 protinus
1044 2935 1135 2987 illa
1163 2935 1325 2987 venit.

132 3003 325 3075 *aspicit
353 3012 604 3058 1nstantes
635 3005 821 3058 mediis
853 3025 946 3059 sex
975 3006 1183 3058 lucibus
1216 3005 1344 3057 Idus

187 3074 296 3127 ‘illa
325 3074 461 3138 dies,
493 3093 600 3144 qua
630 3085 753 3128 sunt
783 3085 907 3129 vota
937 3077 1108 3129 soluta
1139 3076 1286 3130 deae.

133 3193 326 3257 Vesta,
356 3193 501 3249 favel
533 3194 629 3248 tibi
659 3214 801 3250 nunc
830 3206 1046 3267 operata
1074 3196 1385 3250 resolvimus
1417 3215 1525 3260 ora,
1622 3195 1668 3239 9·
1702 3197 1754 3239 H
1786 3196 1828 3239 V
1831 3198 1872 3239 E
1879 3197 1966 3240 ST

209 3265 278 3319 ad
306 3274 400 3319 tua
429 3266 474 3319 si
503 3266 653 3319 nobis
687 3286 837 3321 sacra
866 3267 1045 3321 venire
1075 3267 1212 3320 licet.

136 3334 192 3387 in
222 3354 378 3406 prece
407 3346 548 3390 totus
579 3356 739 3391 eram.
814 3339 1059 3392 caelestia
1090 3339 1308 3391 numina
1339 3339 1495 3401 sensi,
1880 3357 1959 3394 ‘2:21

209 3406 453 3475 laetaque
484 3427 750 3477 purpurea
779 3410 897 3462 luce
928 3410 1135 3463 refulsit
1163 3410 1372 3463 humus.

138 3493 248 3529 non
279 3477 524 3546 equidem
556 3479 662 3531 vidi
692 3510 761 3518 —
792 3481 1001 3534 valeant
1032 3481 1308 3544 mendacia
1337 3491 1519 3534 vatum
1548 3511 1621 3520 —-

1623 3253 1966 3288 FER-VESTAE
2040 3268 2042 3273 ,
