2158 3906
353 251 426 305 54
905 263 961 308 Ρ.
995 264 1203 310 0V1D11
1232 263 1505 310 NASONIS

356 364 521 420 credit
550 384 730 418 amans
759 364 1121 433 thalamosque
1150 374 1316 435 parat.
1391 366 1669 419 deducitur
1696 367 1824 421 illuc

236 452 326 493 690
426 437 587 488 Anna
616 447 797 505 tegens
829 436 1024 498 voltUS,
1055 444 1113 488 ut
1142 454 1281 488 nova
1309 446 1503 505 nupta,
1535 456 1674 489 suos.

357 508 537 560 oscula
567 515 870 574 sumpturus
903 505 1075 558 subito
1105 506 1256 559 Mars
1288 508 1472 576 aspicit
1503 507 1736 560 Annam.

426 595 566 629 nunc
596 577 765 646 pudor
795 577 1025 639 elusum,
1056 596 1198 630 nunc
1229 577 1370 630 subit
1398 579 1477 630 ira
1507 578 1682 631 deum.

356 647 491 700 ridet
522 655 809 699 amatorem
838 665 996 700 ravae
1026 666 1164 700 nova
1193 649 1316 701 diva
1346 649 1647 703 Minervae:

426 735 524 770 nec
552 736 636 771 res
665 717 765 786 hac
795 717 993 771 Veneri
1022 719 1220 788 gratior
1251 720 1358 772 ulla
1387 719 1504 772 suit.

238 804 324 844 695
355 787 478 841 inde
507 787 609 840 ioci
639 796 841 840 veteres
873 788 1206 858 obscenaque
1238 790 1378 843 dicta
1408 799 1684 855 canuntur,

370 906 373 910 Α
427 867 480 911 01
507 858 654 910 iuvat
684 858 820 911 hanc
850 878 1046 929 magno
1078 862 1240 913 verba
1270 861 1476 914 dedisse
1508 861 1623 914 dec.
1653 891 1727 901 —-

355 929 731 999 praeteriturus
762 948 904 982 eram
933 931 1137 999 gladios
1167 932 1221 983 in
1252 932 1487 1001 principe
1518 932 1669 995 fixos,

429 1018 550 1052 cum
581 999 655 1053 sic
686 1019 716 1052 a
747 1001 902 1053 castis
933 1002 1100 1055 Vesta
1129 1003 1306 1055 locuta
1335 1003 1489 1055 focis:

356 1075 447 1124 ‘ne
479 1070 662 1123 dubita
692 1072 1016 1125 meminisse!
1049 1092 1200 1126 meus
1229 1073 1330 1125 fuit
1359 1073 1446 1126 ille
1479 1074 1740 1127 sacerdos·

243 1159 327 1199 700
429 1141 714 1212 sacrilegae
744 1143 860 1196 telis
891 1162 975 1196 me
1006 1144 1204 1214 petiere
1233 1163 1438 1197 manus.

356 1211 472 1283 ipsa
500 1212 672 1265 virum
701 1213 853 1283 rapui
883 1214 1268 1284 simulacraque
1298 1215 1442 1268 nuda
1470 1215 1682 1284 reliqui:

428 1301 564 1353 quae
594 1283 782 1337 cecidit
811 1284 974 1347 ferr0,
1008 1283 1252 1339 Caesaris
1281 1286 1472 1339 umbra
1501 1286 1634 1338 fuit?

355 1352 443 1407 ille
474 1354 689 1424 quidem
719 1356 864 1408 caelo
894 1357 1094 1426 positus
1124 1357 1266 1410 Iovis
1299 1358 1430 1410 atria
1460 1357 1592 1410 vidit

428 1433 480 1479 et
508 1434 651 1479 tenet
680 1426 736 1478 in
764 1445 958 1496 magno
990 1428 1188 1498 templa
1218 1428 1390 1481 dicata
1418 1428 1549 1480 foro·

245 1512 325 1553 705
358 1504 412 1548 01
441 1496 760 1566 quicumque
789 1498 940 1550 nefas
972 1499 1108 1560 ausi,
1141 1499 1453 1568 prohibente
1485 1499 1704 1553 deorum

427 1567 667 1630 numine,
697 1568 992 1637 polluerant
1021 1570 1319 1640 pontificale
1351 1580 1525 1641 caput,

357 1647 525 1691 morte
554 1638 727 1691 iacent
756 1639 958 1692 merita.
1033 1650 1193 1694 testes
1224 1650 1413 1704 estote,
1443 1641 1696 1711 Philippi,

428 1717 481 1762 01
510 1727 734 1778 quorum
765 1711 959 1779 sparsis
990 1712 1195 1765 ossibus
1227 1713 1368 1765 albet
1399 1712 1610 1764 humus·

356 1778 458 1832 hoc
488 1797 645 1850 opUS,
676 1779 807 1833 haec
836 1781 1027 1850 pietas,
1059 1782 1189 1835 11000
1220 1783 1390 1853 prima
1420 1784 1679 1836 elementa
1709 1783 1923 1838 suerunt

244 1866 328 1907 710
431 1848 699 1918 CaesariS,
730 1851 914 1904 ulcisci
942 1852 1081 1906 iusta
1111 1873 1205 1923 per
1236 1873 1381 1907 arma
1411 1865 1631 1924 patrem.

355 1991 580 2046 Postera
609 2011 731 2046 cum
760 2003 966 2047 teneras
996 1995 1209 2047 Aurora
1237 1995 1479 2048 refecerit
1508 1995 1716 2059 herbas,
1875 1995 1951 2039 16‘·
1988 1997 2075 2041 CF

430 2061 677 2134 Scorpios
709 2084 740 2117 a
767 2065 938 2134 prima
967 2074 1115 2135 parte
1146 2065 1406 2119 videndus
1438 2066 1550 2119 erit.

357 2204 537 2258 Tertia
558 2214 678 2275 post
692 2206 822 2259 Idus
844 2207 937 2258 lux
961 2216 1037 2260 est
1063 2208 1404 2260 celeberrima
1418 2207 1650 2261 Baccho.
1672 2206 1746 2251 17-
1768 2209 1815 2251 D
1836 2210 1915 2253 LI
1917 2209 1960 2252 Β
1969 2210 2070 2254 ·ᾹΡ

429 2276 665 2339 Bacche,
696 2276 817 2329 fave
849 2278 980 2340 vati,
1013 2278 1139 2330 dum
1169 2288 1262 2331 tua
1290 2279 1428 2331 festa
1457 2297 1606 2331 cano,

246 2362 326 2402 715
358 2365 456 2400 nec
486 2347 709 2400 referam
744 2346 990 2401 Semelen
1019 2347 1112 2415 (ad
1143 2367 1302 2417 quam
1332 2349 1435 2402 nisi
1463 2350 1687 2403 fulmina
1718 2370 1898 2405 secum

428 2417 668 2488 Iuppiter
698 2418 951 2480 adferret,
984 2428 1189 2488 spretus
1219 2420 1434 2472 inermis
1465 2422 1597 2485 erat)

358 2506 477 2549 nec,
509 2507 642 2557 puer
671 2498 731 2541 ut
759 2508 940 2558 posses
970 2498 1177 2542 maturo
1207 2499 1443 2560 tempore
1474 2491 1637 2555 nasci,

430 2559 698 2628 expletum
728 2560 896 2628 patrio
928 2578 1145 2630 corpore
1176 2561 1356 2613 matris
1387 2580 1537 2631 opus

362 2629 610 2683 Sithonas
642 2638 694 2682 et
725 2629 1002 2699 Scythicos
1033 2632 1252 2701 longum
1283 2641 1362 2685 001
1391 2652 1603 2686 narrare
1635 2633 1928 2704 triumphos

246 2715 330 2755 720
432 2710 484 2754 01
515 2700 738 2754 domitas
767 2710 977 2771 genteS,
1008 2702 1193 2755 turifer
1221 2703 1377 2765 Inde,
1409 2712 1543 2756 tuas.

358 2779 418 2824 tu
448 2789 683 2840 quoque,
715 2771 1003 2825 Thebanae
1032 2774 1172 2825 mala
1201 2774 1422 2843 praeda,
1454 2775 1720 2838 tacebere,
1752 2777 1950 2840 matriS,

428 2842 588 2911 inque
619 2851 770 2894 tuum
800 2842 950 2895 furiis
981 2853 1118 2905 acte,
1149 2843 1426 2915 Lycurge,
1457 2864 1615 2915 genu.

360 2931 482 2967 0000
512 2913 641 2966 libet
671 2913 871 2967 subitos
901 2914 1071 2984 pisces
1100 2915 1482 2984 Tyrrhenaque
1511 2925 1746 2970 monstra

431 2983 604 3037 dicere
633 3015 705 3022 —
735 2985 827 3038 sed
856 3003 963 3038 non
994 2995 1073 3039 est
1103 2987 1348 3042 carminis
1378 2987 1533 3040 huius
1565 3005 1714 3057 opus.

247 3068 328 3108 725
362 3055 604 3106 carminis
635 3054 791 3107 huius
822 3074 979 3126 opus,
1011 3075 1198 3109 causas
1229 3076 1514 3127 exponere,
1547 3076 1708 3126 quare

430 3125 546 3177 vilis
579 3144 709 3178 anus
739 3128 961 3196 populos
993 3128 1061 3179 ad
1091 3147 1187 3180 sua
1214 3128 1323 3180 liba
1354 3138 1522 3181 vocet.

360 3203 482 3248 ante
512 3204 629 3248 tuos
661 3205 805 3248 ortus
836 3216 957 3249 arae
989 3198 1100 3250 sine
1131 3198 1328 3251 honore
1358 3198 1590 3260 fuerunt,

430 3265 620 3328 Liber,
651 3275 703 3318 et
731 3267 786 3318 in
816 3267 1004 3336 gelidis
1034 3268 1198 3320 herba
1228 3278 1436 3338 reperta
1465 3269 1614 3322 focis.

360 3345 412 3390 te
443 3345 736 3389 memorant
766 3335 958 3407 Gange
990 3347 1206 3406 totoque
1237 3339 1435 3393 oriente
1467 3340 1685 3393 subacto

249 3424 331 3463 730
432 3407 687 3478 primitias
719 3427 912 3478 magno
944 3409 1238 3478 seposuisse
1270 3410 1401 3462 Iovi.
