2158 3906
394 250 461 302 10
944 262 998 305 P.
1031 260 1238 306 OVIDII
1268 259 1539 305 NASONIS

461 381 593 431 quas
624 364 711 433 pia
743 364 822 415 dis
853 362 986 414 ruris
1017 362 1153 425 ferre
1185 361 1388 413 solebat
1417 380 1566 413 anus.
1597 391 1670 399 --

392 434 519 503 quid
549 436 647 487 tuti
677 443 935 503 superest,
968 433 1196 483 animam
1227 450 1348 484 cum
1377 442 1539 502 ponat
1568 432 1623 483 in
1653 433 1754 485 aris

462 505 862 574 lanigerumque
893 521 1053 571 pecus
1084 502 1446 571 ruricolaeque
1477 503 1672 559 boves?

275 591 360 631 385
392 576 568 645 placat
598 592 733 642 equo
762 573 941 625 Persis
971 573 1129 625 radiis
1160 573 1472 643 Hyperiona
1501 573 1747 637 cinctum,

463 665 530 698 ne
560 645 713 699 detur
744 644 899 696 celeri
929 643 1143 696 victima
1173 645 1324 696 tarda
1354 644 1469 697 dec.

392 734 528 784 quae
559 716 721 769 semel
752 724 831 767 est
861 714 1052 783 triplici
1082 733 1177 783 pro
1208 715 1411 784 virgine
1443 733 1597 768 caesa
1626 715 1854 778 Dianae,

462 804 603 839 nunc
633 803 846 854 quoque
876 803 971 854 pro
1001 786 1147 837 nulla
1175 786 1379 855 virgine
1411 804 1566 839 cerva
1597 787 1754 838 cadit.

392 867 515 910 exta
545 875 738 909 canum
768 856 876 908 vidi
906 856 1117 908 Triviae
1147 855 1312 908 libare
1346 856 1598 925 Sapaeos,

275 945 363 984 390
463 936 514 981 et
545 927 864 996 quicumque
895 936 1011 979 tuas
1043 927 1252 988 accolit,
1282 928 1516 989 Haeme‚
1546 927 1712 980 nives,

393 998 629 1051 caeditur
659 1007 711 1052 et
740 997 910 1068 rigido
942 998 1148 1050 custodi
1177 998 1312 1049 ruris
1344 998 1552 1050 asellus.

463 1088 623 1122 causa
652 1069 903 1139 pudenda
934 1069 1171 1137 quidem,
1204 1069 1298 1121 sed
1326 1077 1504 1120 tamen
1534 1077 1658 1137 apta
1688 1068 1804 1121 deo·

393 1140 529 1194 festa
559 1140 896 1210 corymbiferi
927 1140 1257 1202 celebrabas,
1291 1138 1544 1201 Graecia,
1575 1139 1792 1202 Bacchi,

464 1211 617 1264 tertia
647 1229 783 1280 quae
815 1211 965 1263 solito
996 1220 1232 1280 tempore
1263 1211 1451 1262 bruma
1479 1210 1655 1263 refert.

276 1301 363 1340 395
396 1282 449 1334 di
479 1300 691 1352 quoque
722 1283 948 1335 cultores
978 1282 1033 1334 in
1062 1282 1204 1334 idem
1233 1300 1425 1334 venere
1456 1280 1644 1350 Lyaei,

465 1363 517 1406 et
553 1354 873 1422 quicumque
903 1353 1030 1405 iocis
1060 1371 1164 1405 non
1198 1353 1399 1405 alienus
1430 1363 1563 1405 erat:

392 1424 593 1486 PaneS,
625 1434 675 1477 et
704 1424 760 1476 in
790 1425 1054 1477 Venerem
1086 1423 1400 1493 Satyrorum
1429 1441 1596 1492 prona
1626 1423 1889 1486 iuventUS,

463 1513 708 1564 quaeque
738 1495 918 1548 colunt
948 1514 1129 1548 amnes
1161 1495 1376 1563 solaque
1405 1513 1529 1546 rura
1559 1494 1705 1547 deae.

394 1575 610 1619 venerat
640 1575 693 1619 et
723 1566 895 1619 senior
923 1566 1099 1636 pando
1131 1564 1344 1619 Silenus
1374 1565 1552 1627 ase110‚

276 1655 364 1694 400
465 1638 663 1706 quique
692 1637 853 1690 ruber
881 1637 1101 1706 pavidas
1132 1637 1349 1706 inguine
1378 1644 1537 1688 terret
1568 1655 1707 1688 aves.
1768 1645 1770 1647 ’

395 1709 570 1761 dulcia
600 1707 690 1776 qui
720 1708 941 1778 dignum
969 1726 1156 1760 nemus
1186 1708 1241 1759 in
1270 1706 1512 1760 convivia
1542 1707 1684 1759 nacti

466 1780 705 1849 gramine
735 1779 935 1832 vestitis
967 1778 1262 1831 accubuere
1293 1777 1436 1830 toris.

395 1851 518 1902 vina
549 1850 710 1902 dabat
738 1850 927 1903 Liber:
958 1850 1150 1902 tulerat
1180 1849 1280 1901 sibi
1310 1849 1534 1916 quisque
1566 1865 1837 1901 coronam:

465 1921 762 1974 miscendas
791 1921 938 1989 large
967 1920 1112 1972 rivus
1144 1920 1336 1990 agebat
1368 1936 1550 1987 aquas,

277 2008 363 2047 405
395 1991 593 2044 Naides
626 1991 806 2054 effusis
838 1992 970 2044 aliae
1002 1992 1113 2044 sine
1142 1990 1362 2060 pectinis
1391 2009 1509 2051 usu,

466 2082 589 2132 pars
621 2062 839 2115 aderant
868 2062 1051 2132 positis
1082 2071 1193 2115 arte
1224 2079 1490 2130 manuque
1522 2060 1701 2114 comis.

395 2135 486 2186 illa
515 2152 674 2204 super
704 2152 853 2186 suras
884 2133 1117 2186 tunicam
1148 2134 1367 2186 collecta
1397 2131 1672 2196 ministrat,

467 2206 632 2257 altera
662 2204 862 2257 dissuto
891 2213 1076 2274 pectus
1107 2212 1290 2274 aperta
1320 2203 1454 2256 sinu.

398 2276 563 2329 exerit
592 2275 724 2328 haec
754 2294 1020 2338 umerum,
1055 2285 1256 2328 vestem
1287 2274 1447 2327 trahit
1475 2273 1565 2326 illa
1595 2293 1690 2343 per
1719 2272 1929 2336 herbaS‚

278 2362 367 2401 410
467 2346 761 2415 impediunt
791 2355 998 2399 teneros
1029 2345 1241 2397 vincula
1270 2345 1415 2397 nulla
1443 2344 1622 2414 pedes,

396 2417 519 2469 hinc
549 2417 682 2469 aliae
714 2416 918 2486 Satyris
948 2416 1191 2470 incendia
1220 2415 1370 2468 mitia*
1396 2415 1667 2485 praebent,

467 2507 589 2557 pars
619 2487 739 2550 tibi,
771 2488 862 2555 qui
891 2488 1020 2557 pinu
1049 2497 1287 2556 tempora
1316 2505 1455 2539 nexa
1484 2486 1638 2555 geris.

397 2567 449 2612 te
480 2576 716 2627 quoque,
746 2558 1063 2611 inextinctae
1097 2557 1274 2611 Silene
1304 2557 1559 2619 libidinis,
1590 2565 1772 2609 urunt:

468 2629 703 2697 nequitia
733 2640 835 2691 est,
868 2648 1004 2698 quae
1033 2638 1085 2682 te
1114 2646 1222 2681 non
1251 2628 1374 2680 sinit
1403 2647 1518 2680 esse
1548 2647 1743 2681 senem.

279 2715 367 2755 415
399 2709 452 2752 at
480 2700 663 2763 ruber,
694 2700 966 2752 hortorum
995 2700 1156 2752 decus
1187 2708 1240 2752 et
1269 2699 1457 2761 tutela,
1489 2699 1717 2768 Priapus

470 2771 715 2823 omnibus
747 2790 813 2823 ex
842 2771 944 2824 illis
974 2770 1173 2824 Lotide.
1200 2779 1386 2840 captus
1417 2781 1545 2823 erat.

398 2843 535 2895 hanc
565 2842 732 2911 cupit,
762 2842 898 2895 hanc
928 2851 1099 2912 optat,
1130 2842 1242 2893 sola
1270 2841 1497 2911 suspirat
1527 2841 1581 2893 in
1611 2840 1717 2903 illa,

469 2914 726 2983 signaque
758 2913 848 2965 dat
877 2923 1012 2965 nutu
1041 2912 1389 2981 sollicitat-que
1420 2912 1574 2964 notis.

398 2984 567 3036 fastus
595 2985 732 3037 inest
760 2984 1016 3054 pulchris,
1047 2984 1387 3052 sequiturque
1418 2983 1666 3053 superbia
1694 2982 1945 3046 formam;

282 3071 369 3110 420
469 3054 688 3107 inrisum
717 3056 865 3108 voltu
895 3055 1116 3125 despicit
1144 3055 1234 3107 illa
1263 3073 1376 3107 suo.

398 3144 507 3178 nox
537 3135 672 3187 erat,
704 3134 756 3178 et
785 3126 909 3178 vino
940 3144 1185 3178 somnum
1214 3125 1439 3178 faciente
1468 3124 1711 3177 iacebant

471 3214 690 3265 corpora
721 3196 939 3249 diversis
970 3197 1110 3249 victa
1139 3214 1325 3265 sopore
1355 3195 1500 3247 locis.

399 3266 552 3319 Lotis
582 3267 638 3318 in
666 3266 889 3320 herbosa
919 3267 1019 3319 sub
1049 3266 1250 3319 acernis
1280 3266 1465 3318 ultima
1494 3266 1668 3327 ramis,

472 3337 606 3390 sicut
636 3346 747 3390 erat
775 3337 895 3389 lusu
925 3337 1089 3398 fessa,
1120 3336 1318 3404 quievit
1348 3336 1524 3389 humo,

283 3426 368 3465 425
402 3408 570 3478 surgit
600 3427 806 3469 amans,
839 3407 1172 3476 animamque
1203 3416 1385 3460 tenens
1417 3407 1639 3476 vestigia
1669 3406 1851 3459 furtim

2117 2086 2155 2337 *fan-W
2120 2119 2153 2147 2
2116 1871 2150 2091 mae-tan
2120 1701 2154 1893 mm—
2124 1750 2127 1762 ’·
2124 1405 2154 1714 ··ἰῑι>«ψω·ἡκεν».
2135 1283 2153 1347 rw
