<?xml version="1.0" encoding="UTF-8"?>
<!DOCTYPE html PUBLIC "-//W3C//DTD XHTML 1.0 Transitional//EN"
    "http://www.w3.org/TR/xhtml1/DTD/xhtml1-transitional.dtd">
<html xmlns="http://www.w3.org/1999/xhtml" xml:lang="en" lang="en">
 <head>
  <title>
</title>
<meta http-equiv="Content-Type" content="text/html;charset=utf-8" />
  <meta name='ocr-system' content='tesseract 3.04.00' />
  <meta name='ocr-capabilities' content='ocr_page ocr_carea ocr_par ocr_line ocrx_word'/>
</head>
<body>
  <div class='ocr_page' id='page_1' title='image "./carminaov03oviduoft_0191.png"; bbox 0 0 2158 3906; ppageno 0'>
   <div class='ocr_carea' id='block_1_1' title="bbox 489 322 1861 393">
    <p class='ocr_par' dir='ltr' id='par_1_1' title="bbox 489 322 1861 393">
     <span class='ocr_line' id='line_1_1' title="bbox 489 322 1861 393; baseline 0.001 -17"><span class='ocrx_word' id='word_1_1' title='bbox 489 330 803 380; x_wconf 84' lang='lat' dir='ltr'>TRISTIUM</span> <span class='ocrx_word' id='word_1_2' title='bbox 831 332 954 378; x_wconf 85' lang='lat' dir='ltr'><strong>LIB.</strong></span> <span class='ocrx_word' id='word_1_3' title='bbox 985 332 1072 379; x_wconf 91' lang='lat'>111.</span> <span class='ocrx_word' id='word_1_4' title='bbox 1103 333 1193 393; x_wconf 91' lang='lat'>111,</span> <span class='ocrx_word' id='word_1_5' title='bbox 1224 333 1420 391; x_wconf 82' lang='lat' dir='ltr'><strong>69-1V‚</strong></span> <span class='ocrx_word' id='word_1_6' title='bbox 1451 335 1523 380; x_wconf 87' lang='lat'>66.</span> <span class='ocrx_word' id='word_1_7' title='bbox 1758 322 1861 378; x_wconf 81' lang='lat'>153</span> 
     </span>
    </p>
   </div>
   <div class='ocr_carea' id='block_1_2' title="bbox 6 433 1949 3550">
    <p class='ocr_par' dir='ltr' id='par_1_2' title="bbox 6 433 1949 3550">
     <span class='ocr_line' id='line_1_2' title="bbox 154 433 1482 505; baseline -0.002 -14"><span class='ocrx_word' id='word_1_8' title='bbox 154 452 343 505; x_wconf 84' lang='lat' dir='ltr'><strong>nempe</strong></span> <span class='ocrx_word' id='word_1_9' title='bbox 375 433 518 503; x_wconf 94' lang='lat' dir='ltr'>quod</span> <span class='ocrx_word' id='word_1_10' title='bbox 548 434 633 488; x_wconf 93' lang='lat' dir='ltr'>hic</span> <span class='ocrx_word' id='word_1_11' title='bbox 663 434 790 499; x_wconf 88' lang='lat' dir='ltr'>alte,</span> <span class='ocrx_word' id='word_1_12' title='bbox 822 434 1098 489; x_wconf 79' lang='lat' dir='ltr'>demissius</span> <span class='ocrx_word' id='word_1_13' title='bbox 1127 435 1215 490; x_wconf 91' lang='lat' dir='ltr'>ille</span> <span class='ocrx_word' id='word_1_14' title='bbox 1244 435 1482 489; x_wconf 84' lang='lat' dir='ltr'>volabat:</span> 
     </span>
     <span class='ocr_line' id='line_1_3' title="bbox 224 505 1332 575; baseline 0 -16"><span class='ocrx_word' id='word_1_15' title='bbox 224 523 347 559; x_wconf 88' lang='lat' dir='ltr'>nam</span> <span class='ocrx_word' id='word_1_16' title='bbox 377 523 578 575; x_wconf 90' lang='lat' dir='ltr'>pennas</span> <span class='ocrx_word' id='word_1_17' title='bbox 608 505 765 558; x_wconf 90' lang='lat' dir='ltr'>ambo</span> <span class='ocrx_word' id='word_1_18' title='bbox 794 524 901 559; x_wconf 88' lang='lat' dir='ltr'>non</span> <span class='ocrx_word' id='word_1_19' title='bbox 931 506 1164 561; x_wconf 84' lang='lat' dir='ltr'>habuere</span> <span class='ocrx_word' id='word_1_20' title='bbox 1194 525 1332 560; x_wconf 88' lang='lat' dir='ltr'>suas.</span> 
     </span>
     <span class='ocr_line' id='line_1_4' title="bbox 156 574 1949 645; baseline 0.002 -15"><span class='ocrx_word' id='word_1_21' title='bbox 156 575 309 631; x_wconf 78' lang='lat' dir='ltr'>crede</span> <span class='ocrx_word' id='word_1_22' title='bbox 339 574 493 629; x_wconf 90' lang='lat' dir='ltr'>mihi:</span> <span class='ocrx_word' id='word_1_23' title='bbox 525 575 660 629; x_wconf 92' lang='lat' dir='ltr'>bene</span> <span class='ocrx_word' id='word_1_24' title='bbox 691 576 782 645; x_wconf 92' lang='lat' dir='ltr'>qui</span> <span class='ocrx_word' id='word_1_25' title='bbox 811 576 987 639; x_wconf 90' lang='lat' dir='ltr'>latuit,</span> <span class='ocrx_word' id='word_1_26' title='bbox 1019 577 1154 631; x_wconf 91' lang='lat' dir='ltr'>bene</span> <span class='ocrx_word' id='word_1_27' title='bbox 1184 577 1339 641; x_wconf 85' lang='lat' dir='ltr'>vixit,</span> <span class='ocrx_word' id='word_1_28' title='bbox 1370 586 1423 631; x_wconf 93' lang='lat' dir='ltr'>et</span> <span class='ocrx_word' id='word_1_29' title='bbox 1451 578 1590 631; x_wconf 90' lang='lat' dir='ltr'>intra</span> <span class='ocrx_word' id='word_1_30' title='bbox 1893 595 1949 635; x_wconf 82' lang='lat'>25</span> 
     </span>
     <span class='ocr_line' id='line_1_5' title="bbox 225 646 1371 715; baseline 0.001 -15"><span class='ocrx_word' id='word_1_31' title='bbox 225 646 490 701; x_wconf 84' lang='lat' dir='ltr'>fortunam</span> <span class='ocrx_word' id='word_1_32' title='bbox 521 646 678 699; x_wconf 90' lang='lat' dir='ltr'>debet</span> <span class='ocrx_word' id='word_1_33' title='bbox 709 647 930 715; x_wconf 89' lang='lat' dir='ltr'>quisque</span> <span class='ocrx_word' id='word_1_34' title='bbox 961 667 1174 702; x_wconf 91' lang='lat' dir='ltr'>manere</span> <span class='ocrx_word' id='word_1_35' title='bbox 1205 667 1371 701; x_wconf 89' lang='lat' dir='ltr'>suam.</span> 
     </span>
     <span class='ocr_line' id='line_1_6' title="bbox 154 715 1330 780; baseline 0 -8"><span class='ocrx_word' id='word_1_36' title='bbox 154 735 261 772; x_wconf 91' lang='lat' dir='ltr'>non</span> <span class='ocrx_word' id='word_1_37' title='bbox 289 716 426 771; x_wconf 88' lang='lat' dir='ltr'>foret</span> <span class='ocrx_word' id='word_1_38' title='bbox 455 715 724 771; x_wconf 88' lang='lat' dir='ltr'>Eumedes</span> <span class='ocrx_word' id='word_1_39' title='bbox 755 717 940 780; x_wconf 89' lang='lat' dir='ltr'>orbus,</span> <span class='ocrx_word' id='word_1_40' title='bbox 973 718 1017 771; x_wconf 93' lang='lat' dir='ltr'>si</span> <span class='ocrx_word' id='word_1_41' title='bbox 1048 719 1186 772; x_wconf 89' lang='lat' dir='ltr'>filius</span> <span class='ocrx_word' id='word_1_42' title='bbox 1217 719 1330 773; x_wconf 93' lang='lat' dir='ltr'>eius</span> 
     </span>
     <span class='ocr_line' id='line_1_7' title="bbox 226 787 1402 859; baseline 0.002 -17"><span class='ocrx_word' id='word_1_43' title='bbox 226 787 415 842; x_wconf 88' lang='lat' dir='ltr'>stultus</span> <span class='ocrx_word' id='word_1_44' title='bbox 447 787 716 841; x_wconf 91' lang='lat' dir='ltr'>Achilleos</span> <span class='ocrx_word' id='word_1_45' title='bbox 747 806 852 841; x_wconf 91' lang='lat' dir='ltr'>non</span> <span class='ocrx_word' id='word_1_46' title='bbox 885 789 1182 843; x_wconf 87' lang='lat' dir='ltr'>adamasset</span> <span class='ocrx_word' id='word_1_47' title='bbox 1213 807 1402 859; x_wconf 82' lang='lat' dir='ltr'>equos:</span> 
     </span>
     <span class='ocr_line' id='line_1_8' title="bbox 152 858 1557 926; baseline 0.001 -13"><span class='ocrx_word' id='word_1_48' title='bbox 152 876 251 914; x_wconf 88' lang='lat' dir='ltr'>nec</span> <span class='ocrx_word' id='word_1_49' title='bbox 280 867 462 912; x_wconf 88' lang='lat' dir='ltr'>natum</span> <span class='ocrx_word' id='word_1_50' title='bbox 492 858 546 911; x_wconf 91' lang='lat' dir='ltr'>in</span> <span class='ocrx_word' id='word_1_51' title='bbox 577 858 791 911; x_wconf 89' lang='lat' dir='ltr'>flamma</span> <span class='ocrx_word' id='word_1_52' title='bbox 820 859 1058 924; x_wconf 91' lang='lat' dir='ltr'>vidisset,</span> <span class='ocrx_word' id='word_1_53' title='bbox 1090 861 1143 913; x_wconf 91' lang='lat' dir='ltr'>in</span> <span class='ocrx_word' id='word_1_54' title='bbox 1176 861 1361 915; x_wconf 91' lang='lat' dir='ltr'>arbore</span> <span class='ocrx_word' id='word_1_55' title='bbox 1390 870 1557 926; x_wconf 86' lang='lat' dir='ltr'>natas,</span> 
     </span>
     <span class='ocr_line' id='line_1_9' title="bbox 224 929 1949 1002; baseline 0.002 -18"><span class='ocrx_word' id='word_1_56' title='bbox 224 929 449 1001; x_wconf 81' lang='lat' dir='ltr'>cepisset</span> <span class='ocrx_word' id='word_1_57' title='bbox 517 929 685 983; x_wconf 92' lang='lat' dir='ltr'>enitor</span> <span class='ocrx_word' id='word_1_58' title='bbox 715 930 759 983; x_wconf 90' lang='lat' dir='ltr'>si</span> <span class='ocrx_word' id='word_1_59' title='bbox 787 929 1124 984; x_wconf 67' lang='lat' dir='ltr'>Phaethonta</span> <span class='ocrx_word' id='word_1_60' title='bbox 1153 931 1390 1002; x_wconf 85' lang='lat' dir='ltr'>Merops.</span> <span class='ocrx_word' id='word_1_61' title='bbox 1891 948 1949 989; x_wconf 86' lang='lat'>30</span> 
     </span>
     <span class='ocr_line' id='line_1_10' title="bbox 151 1000 1488 1073; baseline 0.001 -19"><span class='ocrx_word' id='word_1_62' title='bbox 151 1008 211 1054; x_wconf 88' lang='lat' dir='ltr'>tu</span> <span class='ocrx_word' id='word_1_63' title='bbox 241 1017 452 1070; x_wconf 91' lang='lat' dir='ltr'>quoque</span> <span class='ocrx_word' id='word_1_64' title='bbox 507 1000 709 1053; x_wconf 87' lang='lat' dir='ltr'>ormida</span> <span class='ocrx_word' id='word_1_65' title='bbox 737 1001 957 1060; x_wconf 91' lang='lat' dir='ltr'>nimium</span> <span class='ocrx_word' id='word_1_66' title='bbox 987 1002 1234 1055; x_wconf 89' lang='lat' dir='ltr'>sublimia</span> <span class='ocrx_word' id='word_1_67' title='bbox 1263 1021 1488 1073; x_wconf 84' lang='lat' dir='ltr'>semper,</span> 
     </span>
     <span class='ocr_line' id='line_1_11' title="bbox 223 1071 1403 1142; baseline 0.001 -18"><span class='ocrx_word' id='word_1_68' title='bbox 223 1071 610 1142; x_wconf 90' lang='lat' dir='ltr'>propositique,</span> <span class='ocrx_word' id='word_1_69' title='bbox 640 1089 851 1142; x_wconf 82' lang='lat' dir='ltr'>precor,</span> <span class='ocrx_word' id='word_1_70' title='bbox 883 1072 1131 1126; x_wconf 83' lang='lat' dir='ltr'>contrahe</span> <span class='ocrx_word' id='word_1_71' title='bbox 1163 1073 1282 1126; x_wconf 89' lang='lat' dir='ltr'>vela</span> <span class='ocrx_word' id='word_1_72' title='bbox 1311 1074 1403 1125; x_wconf 88' lang='lat' dir='ltr'>tui.</span> 
     </span>
     <span class='ocr_line' id='line_1_12' title="bbox 151 1141 1461 1213; baseline 0.001 -18"><span class='ocrx_word' id='word_1_73' title='bbox 151 1161 274 1195; x_wconf 88' lang='lat' dir='ltr'>nam</span> <span class='ocrx_word' id='word_1_74' title='bbox 303 1142 439 1213; x_wconf 92' lang='lat' dir='ltr'>pede</span> <span class='ocrx_word' id='word_1_75' title='bbox 468 1141 726 1196; x_wconf 85' lang='lat' dir='ltr'>inoffenso</span> <span class='ocrx_word' id='word_1_76' title='bbox 758 1143 985 1213; x_wconf 86' lang='lat' dir='ltr'>spatium</span> <span class='ocrx_word' id='word_1_77' title='bbox 1015 1144 1292 1197; x_wconf 81' lang='lat' dir='ltr'>decurrere</span> <span class='ocrx_word' id='word_1_78' title='bbox 1323 1144 1461 1197; x_wconf 87' lang='lat' dir='ltr'>vitae</span> 
     </span>
     <span class='ocr_line' id='line_1_13' title="bbox 224 1212 1209 1284; baseline 0 -18"><span class='ocrx_word' id='word_1_79' title='bbox 224 1212 416 1284; x_wconf 85' lang='lat' dir='ltr'>dignus</span> <span class='ocrx_word' id='word_1_80' title='bbox 447 1231 503 1267; x_wconf 92' lang='lat' dir='ltr'>es</span> <span class='ocrx_word' id='word_1_81' title='bbox 534 1222 585 1266; x_wconf 92' lang='lat' dir='ltr'>et</span> <span class='ocrx_word' id='word_1_82' title='bbox 615 1213 724 1266; x_wconf 88' lang='lat' dir='ltr'>fato</span> <span class='ocrx_word' id='word_1_83' title='bbox 755 1214 1057 1267; x_wconf 88' lang='lat' dir='ltr'>candidiore</span> <span class='ocrx_word' id='word_1_84' title='bbox 1089 1214 1209 1266; x_wconf 87' lang='lat' dir='ltr'>frui.</span> 
     </span>
     <span class='ocr_line' id='line_1_14' title="bbox 151 1283 1946 1354; baseline -0.001 -17"><span class='ocrx_word' id='word_1_85' title='bbox 151 1301 288 1353; x_wconf 90' lang='lat' dir='ltr'>quae</span> <span class='ocrx_word' id='word_1_86' title='bbox 318 1301 413 1354; x_wconf 89' lang='lat' dir='ltr'>pro</span> <span class='ocrx_word' id='word_1_87' title='bbox 445 1292 494 1338; x_wconf 88' lang='lat' dir='ltr'>te</span> <span class='ocrx_word' id='word_1_88' title='bbox 525 1293 581 1337; x_wconf 90' lang='lat' dir='ltr'>ut</span> <span class='ocrx_word' id='word_1_89' title='bbox 614 1301 859 1347; x_wconf 89' lang='lat' dir='ltr'>voveam,</span> <span class='ocrx_word' id='word_1_90' title='bbox 890 1284 1002 1336; x_wconf 92' lang='lat' dir='ltr'>miti</span> <span class='ocrx_word' id='word_1_91' title='bbox 1032 1284 1227 1354; x_wconf 89' lang='lat' dir='ltr'>pietate</span> <span class='ocrx_word' id='word_1_92' title='bbox 1257 1283 1471 1338; x_wconf 89' lang='lat' dir='ltr'>mereris</span> <span class='ocrx_word' id='word_1_93' title='bbox 1889 1301 1946 1341; x_wconf 83' lang='lat'>35</span> 
     </span>
     <span class='ocr_line' id='line_1_15' title="bbox 221 1353 1366 1424; baseline -0.001 -17"><span class='ocrx_word' id='word_1_94' title='bbox 221 1353 551 1424; x_wconf 88' lang='lat' dir='ltr'>haesuraque</span> <span class='ocrx_word' id='word_1_95' title='bbox 582 1354 685 1408; x_wconf 92' lang='lat' dir='ltr'>fide</span> <span class='ocrx_word' id='word_1_96' title='bbox 716 1363 921 1424; x_wconf 86' lang='lat' dir='ltr'>tempus</span> <span class='ocrx_word' id='word_1_97' title='bbox 952 1354 1006 1407; x_wconf 88' lang='lat' dir='ltr'>in</span> <span class='ocrx_word' id='word_1_98' title='bbox 1037 1373 1190 1408; x_wconf 92' lang='lat' dir='ltr'>omne</span> <span class='ocrx_word' id='word_1_99' title='bbox 1221 1353 1366 1407; x_wconf 89' lang='lat' dir='ltr'>mihi.</span> 
     </span>
     <span class='ocr_line' id='line_1_16' title="bbox 150 1424 1408 1495; baseline -0.001 -17"><span class='ocrx_word' id='word_1_100' title='bbox 150 1424 260 1478; x_wconf 88' lang='lat' dir='ltr'>vidi</span> <span class='ocrx_word' id='word_1_101' title='bbox 291 1444 318 1479; x_wconf 91' lang='lat' dir='ltr'>e</span> <span class='ocrx_word' id='word_1_102' title='bbox 359 1443 390 1478; x_wconf 96' lang='lat' dir='ltr'>o</span> <span class='ocrx_word' id='word_1_103' title='bbox 422 1434 472 1479; x_wconf 90' lang='lat' dir='ltr'>te</span> <span class='ocrx_word' id='word_1_104' title='bbox 502 1425 594 1478; x_wconf 91' lang='lat' dir='ltr'>tali</span> <span class='ocrx_word' id='word_1_105' title='bbox 623 1425 773 1478; x_wconf 89' lang='lat' dir='ltr'>vultu</span> <span class='ocrx_word' id='word_1_106' title='bbox 803 1444 922 1478; x_wconf 88' lang='lat' dir='ltr'>mea</span> <span class='ocrx_word' id='word_1_107' title='bbox 951 1425 1062 1478; x_wconf 88' lang='lat' dir='ltr'>fata</span> <span class='ocrx_word' id='word_1_108' title='bbox 1090 1435 1408 1495; x_wconf 90' lang='lat' dir='ltr'>gementem,</span> 
     </span>
     <span class='ocr_line' id='line_1_17' title="bbox 221 1495 1298 1565; baseline -0.002 -16"><span class='ocrx_word' id='word_1_109' title='bbox 221 1513 327 1565; x_wconf 90' lang='lat' dir='ltr'>qua</span> <span class='ocrx_word' id='word_1_110' title='bbox 350 1515 433 1550; x_wconf 90' lang='lat' dir='ltr'>em</span> <span class='ocrx_word' id='word_1_111' title='bbox 465 1495 712 1549; x_wconf 89' lang='lat' dir='ltr'>credibile</span> <span class='ocrx_word' id='word_1_112' title='bbox 744 1504 823 1549; x_wconf 87' lang='lat' dir='ltr'>est</span> <span class='ocrx_word' id='word_1_113' title='bbox 852 1514 940 1549; x_wconf 93' lang='lat' dir='ltr'>ore</span> <span class='ocrx_word' id='word_1_114' title='bbox 970 1495 1133 1549; x_wconf 86' lang='lat' dir='ltr'>fuisse</span> <span class='ocrx_word' id='word_1_115' title='bbox 1165 1514 1298 1549; x_wconf 77' lang='lat' dir='ltr'>meo·</span> 
     </span>
     <span class='ocr_line' id='line_1_18' title="bbox 6 1565 1491 1636; baseline 0 -16"><span class='ocrx_word' id='word_1_116' title='bbox 6 1586 8 1590; x_wconf 92' lang='lat'>·</span> <span class='ocrx_word' id='word_1_117' title='bbox 94 1626 97 1629; x_wconf 56' lang='grc'><strong>,</strong></span> <span class='ocrx_word' id='word_1_118' title='bbox 147 1575 328 1627; x_wconf 78' lang='lat' dir='ltr'>nostra</span> <span class='ocrx_word' id='word_1_119' title='bbox 358 1575 476 1620; x_wconf 91' lang='lat' dir='ltr'>tuas</span> <span class='ocrx_word' id='word_1_120' title='bbox 506 1565 614 1620; x_wconf 85' lang='lat' dir='ltr'>vidi</span> <span class='ocrx_word' id='word_1_121' title='bbox 643 1565 886 1619; x_wconf 83' lang='lat' dir='ltr'>lacrimas</span> <span class='ocrx_word' id='word_1_122' title='bbox 917 1585 1076 1636; x_wconf 89' lang='lat' dir='ltr'>super</span> <span class='ocrx_word' id='word_1_123' title='bbox 1105 1584 1197 1619; x_wconf 92' lang='lat' dir='ltr'>ora</span> <span class='ocrx_word' id='word_1_124' title='bbox 1227 1566 1491 1630; x_wconf 88' lang='lat' dir='ltr'>cadentes,</span> 
     </span>
     <span class='ocr_line' id='line_1_19' title="bbox 219 1636 1947 1708; baseline -0.001 -18"><span class='ocrx_word' id='word_1_125' title='bbox 219 1646 454 1708; x_wconf 91' lang='lat' dir='ltr'>tempore</span> <span class='ocrx_word' id='word_1_126' title='bbox 485 1654 617 1706; x_wconf 92' lang='lat' dir='ltr'>quas</span> <span class='ocrx_word' id='word_1_127' title='bbox 647 1655 754 1690; x_wconf 92' lang='lat' dir='ltr'>uno</span> <span class='ocrx_word' id='word_1_128' title='bbox 784 1636 994 1706; x_wconf 89' lang='lat' dir='ltr'>fidaque</span> <span class='ocrx_word' id='word_1_129' title='bbox 1025 1637 1189 1690; x_wconf 86' lang='lat' dir='ltr'>verba</span> <span class='ocrx_word' id='word_1_130' title='bbox 1219 1637 1347 1689; x_wconf 90' lang='lat' dir='ltr'>bibi.</span> <span class='ocrx_word' id='word_1_131' title='bbox 1888 1656 1947 1696; x_wconf 80' lang='lat'>40</span> 
     </span>
     <span class='ocr_line' id='line_1_20' title="bbox 148 1708 1639 1777; baseline 0 -15"><span class='ocrx_word' id='word_1_132' title='bbox 148 1726 289 1773; x_wconf 86' lang='lat' dir='ltr'>nunc</span> <span class='ocrx_word' id='word_1_133' title='bbox 319 1725 531 1777; x_wconf 91' lang='lat' dir='ltr'>quoque</span> <span class='ocrx_word' id='word_1_134' title='bbox 562 1718 885 1761; x_wconf 90' lang='lat' dir='ltr'>summotum</span> <span class='ocrx_word' id='word_1_135' title='bbox 917 1708 1090 1761; x_wconf 89' lang='lat' dir='ltr'>studio</span> <span class='ocrx_word' id='word_1_136' title='bbox 1122 1708 1362 1762; x_wconf 87' lang='lat' dir='ltr'>defendis</span> <span class='ocrx_word' id='word_1_137' title='bbox 1393 1708 1639 1772; x_wconf 88' lang='lat' dir='ltr'>amicum,</span> 
     </span>
     <span class='ocr_line' id='line_1_21' title="bbox 220 1778 1322 1849; baseline -0.001 -16"><span class='ocrx_word' id='word_1_138' title='bbox 220 1788 272 1833; x_wconf 86' lang='lat' dir='ltr'>et</span> <span class='ocrx_word' id='word_1_139' title='bbox 300 1779 441 1833; x_wconf 88' lang='lat' dir='ltr'>mala</span> <span class='ocrx_word' id='word_1_140' title='bbox 469 1778 559 1832; x_wconf 89' lang='lat' dir='ltr'>vix</span> <span class='ocrx_word' id='word_1_141' title='bbox 589 1779 698 1832; x_wconf 91' lang='lat' dir='ltr'>ulla</span> <span class='ocrx_word' id='word_1_142' title='bbox 726 1788 875 1849; x_wconf 91' lang='lat' dir='ltr'>parte</span> <span class='ocrx_word' id='word_1_143' title='bbox 905 1779 1130 1832; x_wconf 84' lang='lat' dir='ltr'>levanda</span> <span class='ocrx_word' id='word_1_144' title='bbox 1160 1779 1322 1832; x_wconf 85' lang='lat' dir='ltr'>levas.</span> 
     </span>
     <span class='ocr_line' id='line_1_22' title="bbox 147 1849 1437 1921; baseline 0.001 -18"><span class='ocrx_word' id='word_1_145' title='bbox 147 1850 267 1904; x_wconf 88' lang='lat' dir='ltr'>vive</span> <span class='ocrx_word' id='word_1_146' title='bbox 299 1850 410 1903; x_wconf 90' lang='lat' dir='ltr'>sine</span> <span class='ocrx_word' id='word_1_147' title='bbox 438 1849 638 1903; x_wconf 87' lang='lat' dir='ltr'>invidia</span> <span class='ocrx_word' id='word_1_148' title='bbox 666 1850 957 1918; x_wconf 90' lang='lat' dir='ltr'>mollesque</span> <span class='ocrx_word' id='word_1_149' title='bbox 987 1850 1240 1921; x_wconf 87' lang='lat' dir='ltr'>inglorius</span> <span class='ocrx_word' id='word_1_150' title='bbox 1272 1869 1437 1904; x_wconf 88' lang='lat' dir='ltr'>annos</span> 
     </span>
     <span class='ocr_line' id='line_1_23' title="bbox 194 1920 1283 1992; baseline -0.001 -17"><span class='ocrx_word' id='word_1_151' title='bbox 194 1920 397 1992; x_wconf 49' lang='lat' dir='ltr'>exige,</span> <span class='ocrx_word' id='word_1_152' title='bbox 429 1920 683 1974; x_wconf 89' lang='lat' dir='ltr'>amicitias</span> <span class='ocrx_word' id='word_1_153' title='bbox 714 1929 766 1974; x_wconf 89' lang='lat' dir='ltr'>et</span> <span class='ocrx_word' id='word_1_154' title='bbox 795 1921 890 1973; x_wconf 90' lang='lat' dir='ltr'>tibi</span> <span class='ocrx_word' id='word_1_155' title='bbox 920 1921 1082 1992; x_wconf 86' lang='lat' dir='ltr'>iunge</span> <span class='ocrx_word' id='word_1_156' title='bbox 1113 1940 1283 1991; x_wconf 91' lang='lat' dir='ltr'>pares,</span> 
     </span>
     <span class='ocr_line' id='line_1_24' title="bbox 85 1990 1944 2061; baseline 0.001 -17"><span class='ocrx_word' id='word_1_157' title='bbox 85 2055 89 2058; x_wconf 84' lang='lat'>.</span> <span class='ocrx_word' id='word_1_158' title='bbox 147 1990 483 2061; x_wconf 87' lang='lat' dir='ltr'>Nasonisque</span> <span class='ocrx_word' id='word_1_159' title='bbox 512 1991 613 2055; x_wconf 92' lang='lat' dir='ltr'>tui,</span> <span class='ocrx_word' id='word_1_160' title='bbox 644 1991 787 2060; x_wconf 88' lang='lat' dir='ltr'>quod</span> <span class='ocrx_word' id='word_1_161' title='bbox 817 1991 991 2045; x_wconf 87' lang='lat' dir='ltr'>adhuc</span> <span class='ocrx_word' id='word_1_162' title='bbox 1020 2011 1126 2046; x_wconf 91' lang='lat' dir='ltr'>non</span> <span class='ocrx_word' id='word_1_163' title='bbox 1156 1993 1334 2046; x_wconf 87' lang='lat' dir='ltr'>exulat</span> <span class='ocrx_word' id='word_1_164' title='bbox 1363 2011 1546 2054; x_wconf 89' lang='lat' dir='ltr'>unum,</span> <span class='ocrx_word' id='word_1_165' title='bbox 1887 2012 1944 2050; x_wconf 81' lang='lat'>45</span> 
     </span>
     <span class='ocr_line' id='line_1_25' title="bbox 218 2061 1547 2132; baseline 0.001 -16"><span class='ocrx_word' id='word_1_166' title='bbox 218 2081 411 2116; x_wconf 89' lang='lat' dir='ltr'>nomen</span> <span class='ocrx_word' id='word_1_167' title='bbox 441 2081 584 2115; x_wconf 87' lang='lat' dir='ltr'>ama:</span> <span class='ocrx_word' id='word_1_168' title='bbox 618 2061 899 2132; x_wconf 87' lang='lat' dir='ltr'>Scythicus</span> <span class='ocrx_word' id='word_1_169' title='bbox 932 2072 1106 2117; x_wconf 87' lang='lat' dir='ltr'>cetera</span> <span class='ocrx_word' id='word_1_170' title='bbox 1133 2063 1339 2117; x_wconf 87' lang='lat' dir='ltr'>Pontus</span> <span class='ocrx_word' id='word_1_171' title='bbox 1371 2063 1547 2117; x_wconf 88' lang='lat' dir='ltr'>habet.</span> 
     </span>
     <span class='ocr_line' id='line_1_26' title="bbox 59 2133 1511 2204; baseline 0.001 -18"><span class='ocrx_word' id='word_1_172' title='bbox 59 2159 67 2167; x_wconf 92' lang='lat'><strong>·</strong></span> <span class='ocrx_word' id='word_1_173' title='bbox 147 2133 677 2204; x_wconf 83' lang='lat' dir='ltr'>proximasideribus</span> <span class='ocrx_word' id='word_1_174' title='bbox 708 2133 862 2186; x_wconf 82' lang='lat' dir='ltr'>tellus</span> <span class='ocrx_word' id='word_1_175' title='bbox 893 2133 1306 2202; x_wconf 87' lang='lat' dir='ltr'>Erymanthidos</span> <span class='ocrx_word' id='word_1_176' title='bbox 1335 2133 1511 2188; x_wconf 87' lang='lat' dir='ltr'>Ursae</span> 
     </span>
     <span class='ocr_line' id='line_1_27' title="bbox 219 2204 1330 2275; baseline -0.002 -17"><span class='ocrx_word' id='word_1_177' title='bbox 219 2223 303 2258; x_wconf 89' lang='lat' dir='ltr'>me</span> <span class='ocrx_word' id='word_1_178' title='bbox 333 2213 501 2268; x_wconf 88' lang='lat' dir='ltr'>tenet,</span> <span class='ocrx_word' id='word_1_179' title='bbox 533 2204 746 2257; x_wconf 87' lang='lat' dir='ltr'>astricto</span> <span class='ocrx_word' id='word_1_180' title='bbox 777 2213 916 2257; x_wconf 87' lang='lat' dir='ltr'>terra</span> <span class='ocrx_word' id='word_1_181' title='bbox 945 2214 1160 2275; x_wconf 87' lang='lat' dir='ltr'>perusta</span> <span class='ocrx_word' id='word_1_182' title='bbox 1188 2205 1330 2275; x_wconf 88' lang='lat' dir='ltr'>gelu.</span> 
     </span>
     <span class='ocr_line' id='line_1_28' title="bbox 145 2274 1688 2359; baseline 0.001 -31"><span class='ocrx_word' id='word_1_183' title='bbox 145 2274 453 2359; x_wconf 84' lang='lat' dir='ltr'>Bosphoros</span> <span class='ocrx_word' id='word_1_184' title='bbox 484 2284 536 2328; x_wconf 92' lang='lat' dir='ltr'>et</span> <span class='ocrx_word' id='word_1_185' title='bbox 566 2274 762 2327; x_wconf 89' lang='lat' dir='ltr'>Tanais</span> <span class='ocrx_word' id='word_1_186' title='bbox 794 2285 1045 2345; x_wconf 88' lang='lat' dir='ltr'>superant</span> <span class='ocrx_word' id='word_1_187' title='bbox 1077 2275 1435 2346; x_wconf 85' lang='lat' dir='ltr'>Scythiaeque</span> <span class='ocrx_word' id='word_1_188' title='bbox 1464 2276 1688 2347; x_wconf 83' lang='lat' dir='ltr'>paludes</span> 
     </span>
     <span class='ocr_line' id='line_1_29' title="bbox 219 2346 1945 2416; baseline -0.001 -17"><span class='ocrx_word' id='word_1_189' title='bbox 219 2365 307 2399; x_wconf 87' lang='lat' dir='ltr'>v1x</span> <span class='ocrx_word' id='word_1_190' title='bbox 339 2346 464 2399; x_wconf 87' lang='lat' dir='ltr'>satis</span> <span class='ocrx_word' id='word_1_191' title='bbox 496 2354 548 2399; x_wconf 91' lang='lat' dir='ltr'>et</span> <span class='ocrx_word' id='word_1_192' title='bbox 577 2346 687 2398; x_wconf 90' lang='lat' dir='ltr'>noti</span> <span class='ocrx_word' id='word_1_193' title='bbox 716 2346 931 2398; x_wconf 91' lang='lat' dir='ltr'>nomina</span> <span class='ocrx_word' id='word_1_194' title='bbox 958 2364 1131 2416; x_wconf 87' lang='lat' dir='ltr'>pauca</span> <span class='ocrx_word' id='word_1_195' title='bbox 1160 2347 1276 2400; x_wconf 87' lang='lat' dir='ltr'>loci.</span> <span class='ocrx_word' id='word_1_196' title='bbox 1886 2366 1945 2406; x_wconf 88' lang='lat'>50</span> 
     </span>
     <span class='ocr_line' id='line_1_30' title="bbox 146 2416 1435 2487; baseline 0.002 -18"><span class='ocrx_word' id='word_1_197' title='bbox 146 2417 363 2471; x_wconf 87' lang='lat' dir='ltr'>ulterius</span> <span class='ocrx_word' id='word_1_198' title='bbox 393 2416 523 2469; x_wconf 91' lang='lat' dir='ltr'>nihil</span> <span class='ocrx_word' id='word_1_199' title='bbox 553 2425 631 2471; x_wconf 89' lang='lat' dir='ltr'>est</span> <span class='ocrx_word' id='word_1_200' title='bbox 660 2416 762 2470; x_wconf 90' lang='lat' dir='ltr'>nisi</span> <span class='ocrx_word' id='word_1_201' title='bbox 791 2435 896 2469; x_wconf 91' lang='lat' dir='ltr'>non</span> <span class='ocrx_word' id='word_1_202' title='bbox 928 2416 1215 2471; x_wconf 91' lang='lat' dir='ltr'>habitabile</span> <span class='ocrx_word' id='word_1_203' title='bbox 1246 2417 1435 2487; x_wconf 82' lang='lat' dir='ltr'>frigus.</span> 
     </span>
     <span class='ocr_line' id='line_1_31' title="bbox 216 2487 1383 2557; baseline 0 -17"><span class='ocrx_word' id='word_1_204' title='bbox 216 2487 321 2542; x_wconf 91' lang='lat' dir='ltr'>heu</span> <span class='ocrx_word' id='word_1_205' title='bbox 350 2505 509 2557; x_wconf 89' lang='lat' dir='ltr'>quam</span> <span class='ocrx_word' id='word_1_206' title='bbox 541 2487 713 2542; x_wconf 91' lang='lat' dir='ltr'>vicina</span> <span class='ocrx_word' id='word_1_207' title='bbox 744 2496 822 2541; x_wconf 89' lang='lat' dir='ltr'>est</span> <span class='ocrx_word' id='word_1_208' title='bbox 851 2487 1035 2541; x_wconf 92' lang='lat' dir='ltr'>ultima</span> <span class='ocrx_word' id='word_1_209' title='bbox 1064 2498 1203 2542; x_wconf 90' lang='lat' dir='ltr'>terra</span> <span class='ocrx_word' id='word_1_210' title='bbox 1232 2488 1383 2541; x_wconf 79' lang='lat' dir='ltr'>mihi!</span> 
     </span>
     <span class='ocr_line' id='line_1_32' title="bbox 94 2558 1485 2642; baseline 0.002 -31"><span class='ocrx_word' id='word_1_211' title='bbox 94 2618 98 2623; x_wconf 23' lang='lat'><em>¹</em></span> <span class='ocrx_word' id='word_1_212' title='bbox 147 2567 200 2611; x_wconf 89' lang='lat' dir='ltr'>at</span> <span class='ocrx_word' id='word_1_213' title='bbox 228 2559 384 2630; x_wconf 87' lang='lat' dir='ltr'>longe</span> <span class='ocrx_word' id='word_1_214' title='bbox 415 2558 585 2642; x_wconf 87' lang='lat' dir='ltr'>patria</span> <span class='ocrx_word' id='word_1_215' title='bbox 615 2567 716 2622; x_wconf 93' lang='lat' dir='ltr'>est,</span> <span class='ocrx_word' id='word_1_216' title='bbox 747 2559 905 2629; x_wconf 87' lang='lat' dir='ltr'>longe</span> <span class='ocrx_word' id='word_1_217' title='bbox 936 2559 1206 2612; x_wconf 85' lang='lat' dir='ltr'>carissima</span> <span class='ocrx_word' id='word_1_218' title='bbox 1236 2560 1485 2622; x_wconf 88' lang='lat' dir='ltr'>coniunx,</span> 
     </span>
     <span class='ocr_line' id='line_1_33' title="bbox 216 2629 1509 2700; baseline -0.001 -17"><span class='ocrx_word' id='word_1_219' title='bbox 216 2630 468 2700; x_wconf 90' lang='lat' dir='ltr'>quicqu1d</span> <span class='ocrx_word' id='word_1_220' title='bbox 497 2639 550 2683; x_wconf 89' lang='lat' dir='ltr'>et</span> <span class='ocrx_word' id='word_1_221' title='bbox 579 2629 710 2683; x_wconf 89' lang='lat' dir='ltr'>haec</span> <span class='ocrx_word' id='word_1_222' title='bbox 739 2629 891 2682; x_wconf 89' lang='lat' dir='ltr'>nobis</span> <span class='ocrx_word' id='word_1_223' title='bbox 922 2639 1042 2700; x_wconf 89' lang='lat' dir='ltr'>post</span> <span class='ocrx_word' id='word_1_224' title='bbox 1071 2630 1177 2683; x_wconf 90' lang='lat' dir='ltr'>duo</span> <span class='ocrx_word' id='word_1_225' title='bbox 1209 2630 1362 2684; x_wconf 90' lang='lat' dir='ltr'>dulce</span> <span class='ocrx_word' id='word_1_226' title='bbox 1392 2631 1509 2683; x_wconf 85' lang='lat' dir='ltr'>fuit.</span> 
     </span>
     <span class='ocr_line' id='line_1_34' title="bbox 146 2699 1939 2772; baseline 0.004 -20"><span class='ocrx_word' id='word_1_227' title='bbox 146 2699 221 2754; x_wconf 84' lang='lat' dir='ltr'>sic</span> <span class='ocrx_word' id='word_1_228' title='bbox 249 2710 426 2754; x_wconf 85' lang='lat' dir='ltr'>tamen</span> <span class='ocrx_word' id='word_1_229' title='bbox 456 2700 587 2754; x_wconf 87' lang='lat' dir='ltr'>haec</span> <span class='ocrx_word' id='word_1_230' title='bbox 616 2700 833 2764; x_wconf 86' lang='lat' dir='ltr'>absunt,</span> <span class='ocrx_word' id='word_1_231' title='bbox 863 2710 944 2764; x_wconf 91' lang='lat' dir='ltr'>ut,</span> <span class='ocrx_word' id='word_1_232' title='bbox 975 2719 1112 2769; x_wconf 87' lang='lat' dir='ltr'>quae</span> <span class='ocrx_word' id='word_1_233' title='bbox 1142 2702 1447 2772; x_wconf 88' lang='lat' dir='ltr'>contingere</span> <span class='ocrx_word' id='word_1_234' title='bbox 1477 2716 1583 2754; x_wconf 92' lang='lat' dir='ltr'>non</span> <span class='ocrx_word' id='word_1_235' title='bbox 1614 2712 1695 2756; x_wconf 85' lang='lat' dir='ltr'>est</span> <span class='ocrx_word' id='word_1_236' title='bbox 1883 2720 1939 2760; x_wconf 83' lang='lat'>55</span> 
     </span>
     <span class='ocr_line' id='line_1_35' title="bbox 218 2771 1443 2842; baseline 0.001 -18"><span class='ocrx_word' id='word_1_237' title='bbox 218 2788 459 2842; x_wconf 90' lang='lat' dir='ltr'>corpore,</span> <span class='ocrx_word' id='word_1_238' title='bbox 490 2771 594 2824; x_wconf 91' lang='lat' dir='ltr'>sint</span> <span class='ocrx_word' id='word_1_239' title='bbox 623 2771 799 2824; x_wconf 89' lang='lat' dir='ltr'>animo</span> <span class='ocrx_word' id='word_1_240' title='bbox 829 2781 1020 2824; x_wconf 88' lang='lat' dir='ltr'>cuncta</span> <span class='ocrx_word' id='word_1_241' title='bbox 1049 2772 1279 2825; x_wconf 85' lang='lat' dir='ltr'>videnda</span> <span class='ocrx_word' id='word_1_242' title='bbox 1307 2791 1443 2826; x_wconf 85' lang='lat' dir='ltr'>meo.</span> 
     </span>
     <span class='ocr_line' id='line_1_36' title="bbox 146 2841 1675 2906; baseline 0.001 -12"><span class='ocrx_word' id='word_1_243' title='bbox 146 2851 268 2896; x_wconf 88' lang='lat' dir='ltr'>ante</span> <span class='ocrx_word' id='word_1_244' title='bbox 297 2842 476 2895; x_wconf 91' lang='lat' dir='ltr'>oculos</span> <span class='ocrx_word' id='word_1_245' title='bbox 507 2850 683 2895; x_wconf 90' lang='lat' dir='ltr'>errant</span> <span class='ocrx_word' id='word_1_246' title='bbox 713 2841 926 2904; x_wconf 78' lang='lat' dir='ltr'>domne,</span> <span class='ocrx_word' id='word_1_247' title='bbox 958 2842 1109 2904; x_wconf 89' lang='lat' dir='ltr'>urbs,</span> <span class='ocrx_word' id='word_1_248' title='bbox 1141 2852 1193 2896; x_wconf 90' lang='lat' dir='ltr'>et</span> <span class='ocrx_word' id='word_1_249' title='bbox 1221 2842 1393 2895; x_wconf 89' lang='lat' dir='ltr'>forma</span> <span class='ocrx_word' id='word_1_250' title='bbox 1420 2844 1675 2906; x_wconf 88' lang='lat' dir='ltr'>locorum,</span> 
     </span>
     <span class='ocr_line' id='line_1_37' title="bbox 217 2911 1303 2982; baseline 0 -17"><span class='ocrx_word' id='word_1_251' title='bbox 217 2913 579 2980; x_wconf 86' lang='lat' dir='ltr'>acceduntque</span> <span class='ocrx_word' id='word_1_252' title='bbox 610 2911 717 2965; x_wconf 89' lang='lat' dir='ltr'>suis</span> <span class='ocrx_word' id='word_1_253' title='bbox 748 2911 959 2982; x_wconf 85' lang='lat' dir='ltr'>singula</span> <span class='ocrx_word' id='word_1_254' title='bbox 988 2912 1129 2966; x_wconf 87' lang='lat' dir='ltr'>facta</span> <span class='ocrx_word' id='word_1_255' title='bbox 1157 2913 1303 2966; x_wconf 87' lang='lat' dir='ltr'>locis.</span> 
     </span>
     <span class='ocr_line' id='line_1_38' title="bbox 146 2983 1619 3054; baseline -0.001 -18"><span class='ocrx_word' id='word_1_256' title='bbox 146 2983 384 3054; x_wconf 87' lang='lat' dir='ltr'>coniugis</span> <span class='ocrx_word' id='word_1_257' title='bbox 416 2993 537 3036; x_wconf 91' lang='lat' dir='ltr'>ante</span> <span class='ocrx_word' id='word_1_258' title='bbox 568 2983 772 3045; x_wconf 90' lang='lat' dir='ltr'>oculos,</span> <span class='ocrx_word' id='word_1_259' title='bbox 803 2983 938 3036; x_wconf 90' lang='lat' dir='ltr'>sicut</span> <span class='ocrx_word' id='word_1_260' title='bbox 966 2983 1278 3053; x_wconf 75' lang='lat' dir='ltr'>praesent-is,</span> <span class='ocrx_word' id='word_1_261' title='bbox 1309 2983 1485 3054; x_wconf 86' lang='lat' dir='ltr'>imago</span> <span class='ocrx_word' id='word_1_262' title='bbox 1517 2992 1619 3047; x_wconf 87' lang='lat' dir='ltr'>est3</span> 
     </span>
     <span class='ocr_line' id='line_1_39' title="bbox 214 3053 1942 3124; baseline 0 -18"><span class='ocrx_word' id='word_1_263' title='bbox 214 3054 480 3122; x_wconf 10' lang='lat' dir='ltr'>illabmeos</span> <span class='ocrx_word' id='word_1_264' title='bbox 511 3072 664 3107; x_wconf 88' lang='lat' dir='ltr'>casus</span> <span class='ocrx_word' id='word_1_265' title='bbox 692 3053 962 3124; x_wconf 84' lang='lat' dir='ltr'>ingravat,</span> <span class='ocrx_word' id='word_1_266' title='bbox 992 3053 1082 3107; x_wconf 89' lang='lat' dir='ltr'>illa</span> <span class='ocrx_word' id='word_1_267' title='bbox 1109 3055 1265 3107; x_wconf 88' lang='lat' dir='ltr'>levat.</span> <span class='ocrx_word' id='word_1_268' title='bbox 1885 3073 1942 3113; x_wconf 88' lang='lat'>60</span> 
     </span>
     <span class='ocr_line' id='line_1_40' title="bbox 145 3124 1866 3207; baseline 0.001 -30"><span class='ocrx_word' id='word_1_269' title='bbox 145 3124 389 3207; x_wconf 80' lang='lat' dir='ltr'>ingravat</span> <span class='ocrx_word' id='word_1_270' title='bbox 403 3124 520 3188; x_wconf 94' lang='lat' dir='ltr'>hoc,</span> <span class='ocrx_word' id='word_1_271' title='bbox 544 3124 687 3193; x_wconf 88' lang='lat' dir='ltr'>quod</span> <span class='ocrx_word' id='word_1_272' title='bbox 712 3124 885 3178; x_wconf 86' lang='lat' dir='ltr'>abest:</span> <span class='ocrx_word' id='word_1_273' title='bbox 909 3125 1050 3178; x_wconf 89' lang='lat' dir='ltr'>levat</span> <span class='ocrx_word' id='word_1_274' title='bbox 1072 3124 1188 3188; x_wconf 89' lang='lat' dir='ltr'>hoc,</span> <span class='ocrx_word' id='word_1_275' title='bbox 1213 3125 1356 3194; x_wconf 92' lang='lat' dir='ltr'>quod</span> <span class='ocrx_word' id='word_1_276' title='bbox 1371 3133 1611 3195; x_wconf 86' lang='lat' dir='ltr'>praestat</span> <span class='ocrx_word' id='word_1_277' title='bbox 1631 3143 1866 3180; x_wconf 91' lang='lat' dir='ltr'>amorem</span> 
     </span>
     <span class='ocr_line' id='line_1_41' title="bbox 215 3195 1324 3266; baseline 0.001 -19"><span class='ocrx_word' id='word_1_278' title='bbox 215 3195 625 3266; x_wconf 73' lang='lat' dir='ltr'>impositumque</span> <span class='ocrx_word' id='word_1_279' title='bbox 657 3195 758 3248; x_wconf 91' lang='lat' dir='ltr'>sibi</span> <span class='ocrx_word' id='word_1_280' title='bbox 786 3196 939 3248; x_wconf 90' lang='lat' dir='ltr'>firma</span> <span class='ocrx_word' id='word_1_281' title='bbox 968 3204 1145 3249; x_wconf 85' lang='lat' dir='ltr'>tuetur</span> <span class='ocrx_word' id='word_1_282' title='bbox 1175 3214 1324 3249; x_wconf 88' lang='lat' dir='ltr'>onus.</span> 
     </span>
     <span class='ocr_line' id='line_1_42' title="bbox 146 3266 1515 3337; baseline 0.001 -19"><span class='ocrx_word' id='word_1_283' title='bbox 146 3284 239 3318; x_wconf 90' lang='lat' dir='ltr'>vos</span> <span class='ocrx_word' id='word_1_284' title='bbox 270 3284 479 3336; x_wconf 89' lang='lat' dir='ltr'>quoque</span> <span class='ocrx_word' id='word_1_285' title='bbox 509 3266 809 3337; x_wconf 88' lang='lat' dir='ltr'>pectoribus</span> <span class='ocrx_word' id='word_1_286' title='bbox 839 3266 1030 3319; x_wconf 87' lang='lat' dir='ltr'>nostris</span> <span class='ocrx_word' id='word_1_287' title='bbox 1060 3266 1310 3328; x_wconf 89' lang='lat' dir='ltr'>haeretis,</span> <span class='ocrx_word' id='word_1_288' title='bbox 1343 3267 1515 3330; x_wconf 86' lang='lat' dir='ltr'>amici,</span> 
     </span>
     <span class='ocr_line' id='line_1_43' title="bbox 153 3336 1415 3408; baseline 0.002 -20"><span class='ocrx_word' id='word_1_289' title='bbox 153 3404 155 3407; x_wconf 21' lang='grc' dir='ltr'>Ι</span> <span class='ocrx_word' id='word_1_290' title='bbox 218 3336 389 3391; x_wconf 88' lang='lat' dir='ltr'>dicere</span> <span class='ocrx_word' id='word_1_291' title='bbox 419 3355 551 3406; x_wconf 87' lang='lat' dir='ltr'>quos</span> <span class='ocrx_word' id='word_1_292' title='bbox 583 3337 737 3408; x_wconf 89' lang='lat' dir='ltr'>cupio</span> <span class='ocrx_word' id='word_1_293' title='bbox 768 3337 978 3391; x_wconf 90' lang='lat' dir='ltr'>nomine</span> <span class='ocrx_word' id='word_1_294' title='bbox 1009 3355 1272 3407; x_wconf 91' lang='lat' dir='ltr'>quemque</span> <span class='ocrx_word' id='word_1_295' title='bbox 1304 3356 1415 3390; x_wconf 87' lang='lat' dir='ltr'>su0.</span> 
     </span>
     <span class='ocr_line' id='line_1_44' title="bbox 147 3406 1940 3479; baseline 0.004 -20"><span class='ocrx_word' id='word_1_296' title='bbox 147 3406 240 3460; x_wconf 85' lang='lat' dir='ltr'>sed</span> <span class='ocrx_word' id='word_1_297' title='bbox 269 3407 422 3460; x_wconf 89' lang='lat' dir='ltr'>timor</span> <span class='ocrx_word' id='word_1_298' title='bbox 451 3408 684 3461; x_wconf 85' lang='lat' dir='ltr'>officium</span> <span class='ocrx_word' id='word_1_299' title='bbox 715 3418 910 3462; x_wconf 86' lang='lat' dir='ltr'>cautus·</span> <span class='ocrx_word' id='word_1_300' title='bbox 933 3409 1242 3479; x_wconf 88' lang='lat' dir='ltr'>compescit,</span> <span class='ocrx_word' id='word_1_301' title='bbox 1277 3420 1327 3463; x_wconf 92' lang='lat' dir='ltr'>et</span> <span class='ocrx_word' id='word_1_302' title='bbox 1357 3410 1500 3479; x_wconf 85' lang='lat' dir='ltr'>ipsos</span> <span class='ocrx_word' id='word_1_303' title='bbox 1883 3426 1940 3466; x_wconf 80' lang='lat'>65</span> 
     </span>
     <span class='ocr_line' id='line_1_45' title="bbox 216 3477 1239 3550; baseline 0.004 -21"><span class='ocrx_word' id='word_1_304' title='bbox 216 3477 271 3530; x_wconf 91' lang='lat' dir='ltr'>in</span> <span class='ocrx_word' id='word_1_305' title='bbox 299 3488 477 3532; x_wconf 89' lang='lat' dir='ltr'>nostro</span> <span class='ocrx_word' id='word_1_306' title='bbox 508 3479 632 3549; x_wconf 91' lang='lat' dir='ltr'>poni</span> <span class='ocrx_word' id='word_1_307' title='bbox 663 3480 894 3534; x_wconf 88' lang='lat' dir='ltr'>carmine</span> <span class='ocrx_word' id='word_1_308' title='bbox 923 3479 1063 3533; x_wconf 93' lang='lat' dir='ltr'>nolle</span> <span class='ocrx_word' id='word_1_309' title='bbox 1093 3488 1239 3550; x_wconf 90' lang='lat' dir='ltr'>puto.</span> 
     </span>
    </p>
   </div>
   <div class='ocr_carea' id='block_1_3' title="bbox 0 0 80 3321">
    <p class='ocr_par' dir='ltr' id='par_1_3' title="bbox 0 0 80 3321">
     <span class='ocr_line' id='line_1_46' title="bbox 0 0 80 3321; baseline 0 0"><span class='ocrx_word' id='word_1_310' title='bbox 0 0 80 3321; x_wconf 95' lang='lat' dir='ltr'> </span> 
     </span>
    </p>
   </div>
  </div>
 </body>
</html>
