2158 3906
458 341 771 388 TRISTIUM
799 341 920 386 LIB.
954 341 1039 385 111.
1072 339 1155 397 IV,
1187 338 1383 395 67—V1,
1418 338 1485 383 16.

117 463 225 517 quo
255 442 492 513 quisquis
523 443 713 505 maior,
744 443 913 514 magis
946 451 1024 495 est
1056 440 1327 511 placabilis
1357 439 1483 502 irae,

192 524 243 570 et
272 513 452 568 faciles
482 523 657 566 motus
688 533 836 567 mens
866 531 1125 584 generosa
1155 511 1311 582 capit.

119 604 341 658 corpora
369 584 707 654 magnanimo
740 584 865 637 satis
896 594 974 637 est
1004 592 1294 653 prostrasse
1322 581 1479 642 leoni,

227 674 372 727 ugna
401 674 556 708 suum
586 655 768 716 finem,
800 672 921 708 cum
950 654 1086 708 iacet
1115 653 1304 714 hostis,
1332 652 1519 705 habet:

118 737 174 783 at
258 745 360 798 pue
387 734 444 780 et
468 734 650 796 turpes
677 725 880 778 instant
907 724 1252 778 morientibus
1283 723 1393 776 ursi

193 806 246 853 et
275 814 644 867 quaecumque
675 796 846 849 minor
875 796 1147 849 nobilitate
1178 795 1306 848 fera.

120 870 290 925 maius
320 867 464 939 apud
493 867 709 920 Troiam
739 867 862 919 forti
892 867 1020 936 quid
1049 866 1304 919 habemus
1335 864 1581 918 Achille?

192 937 453 994 Dardanii
482 938 724 991 lacrimas
755 957 861 991 non
890 938 1009 992 tulit
1037 937 1124 990 ille
1156 936 1311 990 senis·

119 1029 258 1082 quae
289 1008 438 1064 ducis
468 1008 704 1062 Emathii
734 1009 893 1062 fuerit
924 1007 1225 1071 clementia,
1255 1007 1429 1060 Porus

192 1081 463 1148 Dareique
494 1079 684 1133 docent
714 1079 914 1133 funeris
946 1079 1216 1147 exequiae.

120 1171 255 1207 neve
285 1151 558 1205 hominum
579 1150 812 1205 referam
842 1151 1005 1204 flexas
1036 1150 1104 1202 ad
1133 1149 1311 1201 mitius
1343 1148 1472 1201 iras:

193 1222 411 1276 Iunonis
442 1240 606 1292 gener
636 1231 742 1285 est3
769 1222 861 1291 qui
891 1222 1035 1291 prius
1066 1219 1231 1272 hostis
1262 1228 1389 1272 erat.

8 1304 9 1353 ζ
52 1326 53 1329 ¹
120 1293 351 1364 denique
381 1310 488 1346 non
517 1310 735 1363 possum
765 1292 963 1345 nullam
995 1308 1205 1361 sperare
1238 1290 1481 1350 salutem,

194 1383 317 1418 cum
345 1382 547 1435 poenae
576 1381 684 1416 non
714 1363 781 1416 sit
811 1381 970 1416 causa
1001 1370 1219 1415 cruenta
1249 1378 1415 1412 meae.

121 1454 229 1490 non
258 1434 411 1499 mihi,
441 1434 716 1503 quaerenti
745 1432 1086 1503 pessumdare
1117 1441 1333 1491 cuncta,
1366 1429 1588 1499 petitum

195 1504 516 1560 Caesareum
548 1514 708 1575 caput
738 1513 841 1563 est,
872 1503 1016 1572 quod
1046 1512 1205 1573 caput
1235 1500 1375 1553 orbis
1406 1511 1542 1553 erat:

122 1596 230 1631 non
259 1575 457 1646 aliquid
487 1574 619 1639 dixi,
650 1574 979 1643 velandaque
1009 1573 1192 1643 lingua
1221 1572 1398 1626 locuta
1428 1581 1523 1633 est,

195 1649 447 1719 lapsaque
477 1655 601 1700 sunt
628 1645 790 1699 nimio
820 1645 983 1699 verba
1013 1643 1235 1715 profana
1263 1661 1425 1697 mero,

124 1719 288 1774 inscia
317 1717 461 1788 quod
490 1717 687 1772 crimen
717 1716 962 1770 viderunt
993 1715 1216 1778 lumina,
1249 1715 1467 1785 plector,

195 1797 575 1861 peccatumque
605 1788 785 1842 oculos
816 1796 895 1841 est
926 1786 1174 1843 habuisse
1206 1804 1401 1839 meum.

123 1880 230 1915 non
259 1859 506 1930 equidem
534 1867 699 1913 totam
729 1877 946 1929 possum
978 1857 1261 1911 defendere
1292 1857 1528 1927 culpam:

197 1931 292 1987 sed
320 1939 524 2002 partem
552 1930 718 1983 nostri
747 1929 976 1982 criminis
1008 1947 1152 1983 error
1182 1927 1356 1980 habet.

123 2022 246 2074 spes
274 2002 438 2073 igitur
467 2010 728 2072 superest,
759 2000 1049 2062 facturum,
1080 2010 1139 2052 ut
1169 1998 1369 2052 molliat
1400 1998 1524 2068 Ipse

198 2072 387 2127 mutati
415 2090 641 2143 poenam
673 2071 979 2125 condicione
1010 2070 1126 2123 loci.

125 2144 223 2198 hos
252 2144 456 2198 utinam
485 2142 638 2196 nitidi
669 2141 809 2196 Solis
839 2141 1183 2212 praenuntius
1215 2149 1359 2193 ortus

198 2215 403 2270 adferat
433 2213 663 2269 admisso
694 2213 915 2267 Lucifer
945 2213 1097 2266 albus
1130 2210 1292 2281 equo!

935 2326 1032 2380 VI.

0 2427 4 2487 Ξ
128 2429 340 2484 Foedus
371 2426 631 2482 amicitiae
660 2445 758 2481 nec
788 2426 894 2488 vie,
927 2424 1218 2486 carissime,
1248 2432 1476 2486 nostrae,

198 2518 298 2554 nec
325 2498 371 2552 si
400 2498 536 2552 forte
566 2498 720 2561 velis,
753 2498 1083 2550 dissimulare
1114 2507 1279 2565 potes.

130 2571 298 2624 donec
327 2571 468 2624 enim
496 2569 668 2634 licuit,
699 2587 797 2623 nec
827 2578 878 2622 te
909 2567 1037 2620 mihi
1068 2567 1236 2619 carior
1267 2566 1413 2626 alter,

202 2659 300 2695 nec
328 2641 425 2694 tibi
453 2659 539 2695 me
569 2649 681 2694 tota
709 2640 935 2693 iunctior
965 2639 1095 2691 urbe
1126 2637 1243 2690 fuit.

131 2712 278 2782 isque
310 2721 422 2766 erat
450 2729 620 2779 usque
649 2711 782 2765 adeo
812 2711 1008 2780 populo
1040 2718 1285 2770 testatus,
1316 2716 1375 2759 ut
1406 2716 1541 2759 esset

203 2802 371 2853 paene
401 2782 571 2851 magis
600 2800 762 2850 quam
791 2790 872 2844 tu,
892 2798 1172 2863 ’quamque
1202 2797 1327 2848 eg0,
1358 2789 1514 2829 notus
1546 2796 1710 2829 amor.

134 2854 328 2924 quique
358 2861 470 2907 erat
498 2853 553 2905 in
583 2854 716 2905 caris
747 2851 908 2904 anim1
937 2851 1033 2903 tibi
1063 2850 1259 2903 candor
1289 2848 1487 2909 amicis,

205 2924 447 2995 cognitus
478 2932 558 2976 est
585 2923 710 2993 ipsi,
742 2941 900 2991 quem
931 2922 1085 2983 colis,
1117 2921 1214 2972 iste
1246 2920 1374 2971 viro.

134 2995 208 3049 nil
237 2995 312 3048 ita
341 2994 577 3057 celabaS,
607 3003 666 3046 ut
695 3011 802 3045 non
832 3011 932 3062 ego
963 2992 1203 3045 conscius
1235 3009 1422 3051 essem,

206 3065 614 3136 pectoribusque
646 3065 810 3117 dabas
840 3064 1007 3116 multa
1038 3061 1265 3132 tegenda
1293 3061 1449 3113 meis:

138 3137 329 3206 cuique
361 3154 461 3207 ego
490 3136 798 3198 narrabam,
830 3135 1016 3188 secreti
1047 3132 1300 3202 quicquid
1330 3131 1611 3193 habebam,

211 3217 430 3278 excepto
460 3207 604 3276 quod
634 3226 718 3260 me
749 3206 998 3277 perdidit,
1029 3223 1167 3257 unus
1200 3222 1331 3256 eras·

141 3276 198 3330 id
225 3295 434 3347 quoque
465 3278 510 3331 si
539 3278 726 3331 scisses
737 3317 751 3341 ,
784 3277 928 3330 salvo
959 3277 1192 3329 fruerere
1224 3274 1408 3334 sodali,

214 3349 537 3419 consilioque
563 3349 732 3403 forem
763 3367 967 3418 sospeS,
999 3347 1189 3408 amice,
1220 3355 1326 3398 tuo,

146 3418 240 3472 sed
267 3437 386 3473 mea
413 3438 499 3474 me
527 3419 583 3472 in
612 3438 839 3491 poenam
866 3420 1115 3472 nimirum
1144 3418 1256 3470 fata
1286 3415 1582 3469 trahebant.

219 3487 399 3559 [omne
428 3490 598 3545 bonae
630 3491 879 3544 claudunt
910 3489 1148 3543 utilitatis
1179 3485 1322 3557 iter.]

1729 323 1831 376 155

1862 736 1917 776 35

1860 1092 1918 1130 40

1866 1444 1921 1483 45

1868 1800 1924 1839 50

1868 2155 1924 2195 55

1878 3076 1932 3115 10

1884 3430 1936 3468 15
