2158 3906
347 304 416 357 74
895 314 949 357 P.
983 312 1190 360 OVIDII
1219 312 1491 358 NASONIS

344 417 563 470 Faunus
596 417 766 476 adest,
798 415 1080 482 oviumque
1111 433 1352 483 premens
1383 415 1517 484 pede
1548 416 1742 469 vellera
1772 416 1904 469 duro

419 488 582 540 edidit
612 507 643 539 a
674 487 856 538 dextro
889 485 1013 536 talia
1044 485 1206 537 verba
1237 495 1376 537 toro:

231 575 316 615 665
349 564 540 611 ‘morte
571 558 732 609 boum
763 555 882 618 tibi,
914 574 1031 618 reX,
1063 555 1244 608 Tellus
1275 556 1535 626 placanda
1565 556 1814 609 duarum:

420 629 507 681 det
538 627 698 680 sacris
730 626 930 678 animas
961 644 1068 679 una
1096 626 1320 680 iuvenca
1351 627 1516 679 duas?

348 698 610 752 excutitur
639 706 836 750 terrore
867 695 1039 764 quies:
1070 696 1248 749 Numa
1278 698 1392 750 visa
1421 698 1644 751 revolvit

418 778 469 821 et
500 786 681 821 secum
711 767 963 836 ambages
994 785 1258 835 caecaque
1288 768 1432 821 iussa
1461 768 1637 822 refert.

347 838 558 908 expedit
589 847 849 891 errantem
878 837 1082 891 nemori
1110 839 1410 908 gratissima
1439 839 1668 892 coniunx

230 927 315 965 670
418 918 469 962 et
500 909 630 960 dixit
660 909 937 978 ‘gravidae
966 909 1197 979 posceris
1229 919 1351 966 exta
1380 909 1565 962 bovis.'

348 990 471 1033 exta
500 979 650 1032 bovis
681 980 932 1049 gravidae
963 981 1170 1032 dantur.
1245 980 1521 1034 fecundior
1551 1000 1720 1033 annus

418 1050 684 1120 provenit,
717 1060 766 1103 et
798 1051 1031 1103 fructum
1062 1060 1200 1104 terra
1228 1069 1496 1121 pecusque
1528 1051 1719 1104 ferunt.

347 1121 484 1175 hanc
515 1121 783 1189 quondam
815 1119 1084 1191 Cytherea
1115 1122 1255 1175 diem
1285 1122 1649 1192 properantius
1680 1122 1755 1174 ire

355 1234 360 1239 .
418 1192 570 1245 iussit
601 1202 652 1245 et
682 1193 938 1245 admissos
968 1193 1332 1262 praecipitavit
1363 1211 1544 1261 eqUOS‚

232 1280 317 1320 675
349 1272 408 1316 ut
438 1264 651 1315 titulum
679 1263 886 1333 imperii
917 1282 1077 1332 quam
1107 1264 1337 1333 primum
1365 1264 1484 1317 luce
1516 1264 1757 1332 sequenti

418 1335 669 1404 Augusto
700 1334 879 1387 iuveni
909 1352 1161 1404 prospera
1192 1335 1331 1388 bella
1361 1334 1561 1387 darent.

350 1474 460 1529 Sed
482 1476 587 1528 iam
610 1476 917 1545 praeteritas
942 1485 1159 1544 quartus
1184 1476 1280 1528 tibi
1304 1475 1524 1529 Lucifer
1547 1476 1676 1528 Idus
1714 1474 1786 1517 16·
1811 1476 1852 1518 Β
1862 1475 1919 1517 Ν
1926 1482 1953 1515 12
1968 1480 2060 1516 VDI
2121 1524 2126 1528 ,

418 1546 646 1616 respicit.
705 1546 804 1599 hac
828 1547 1048 1616 Hyades
1072 1547 1278 1599 Dorida
1300 1556 1674 1603 noctetenent.
1713 1530 1787 1575 ²7·
1814 1532 1915 1575 CN
1927 1539 1952 1573 L
1968 1538 2060 1573 ΠΗ

348 1687 529 1740 Tertia
550 1696 669 1757 post
685 1688 907 1757 Hyadas
933 1706 1054 1740 cum
1076 1688 1168 1740 lux
1191 1688 1288 1741 erit
1311 1698 1425 1740 orta
1448 1697 1692 1748 remotaS,
1710 1685 1783 1784 {23}-
1806 1687 2061 1788 Ιέὒὲγῗέῑ

232 1775 318 1815 680
420 1776 628 1812 carcere
658 1759 875 1828 partitos
909 1757 1096 1811 Circus
1127 1758 1343 1812 habebit
1373 1776 1552 1827 equos.
1711 1800 1767 1841 N
1777 1807 1885 1841 LVD,
1897 1807 1970 1840 IN,
1978 1806 2057 1841 CIR

350 1847 443 1881 cur
472 1830 632 1899 igitur
661 1829 851 1882 missac
881 1830 1067 1882 vinctis
1099 1830 1336 1882 ardentia
1366 1830 1532 1882 taedis

419 1910 570 1970 terga
599 1900 772 1953 ferant
801 1901 1010 1969 volpeS,
1042 1918 1202 1952 causa
1232 1900 1470 1953 docenda
1500 1900 1628 1952 mihi
1660 1911 1752 1954 est.

348 1970 543 2039 frigida
575 1969 838 2024 Carseolis
870 1989 967 2024 nec
998 1971 1146 2023 olivis
1178 1980 1302 2040 apta
1331 1970 1561 2028 ferendis

421 2052 582 2103 terra,
614 2041 708 2094 sed
738 2042 806 2093 ad
836 2050 1041 2111 segetes
1072 2042 1376 2111 ingeniosus
1407 2061 1550 2111 ager.

234 2128 316 2168 685
348 2111 447 2165 hac
479 2130 579 2181 ego
608 2112 920 2182 Paelignos,
950 2113 1145 2165 natalia
1174 2132 1320 2176 rura,
1350 2113 1615 2182 petebam,

419 2202 605 2253 parva,
637 2182 732 2236 sed
762 2183 995 2236 assiduis·
1015 2183 1177 2236 uvida
1207 2202 1414 2253 semper
1443 2184 1611 2252 aquis.

349 2254 570 2322 hospitis
601 2254 804 2322 antiqui
835 2255 1011 2307 solitas
1041 2254 1351 2307 intravimus
1383 2255 1556 2307 aedes.
1589 2281 1591 2283 ·

422 2325 721 2394 dempserat
751 2325 979 2378 emeritis
1009 2325 1115 2377 iam
1144 2326 1271 2395 iuga
1299 2324 1552 2379 Phoebus
1584 2326 1747 2394 equiS.

349 2395 393 2447 is
424 2395 554 2447 mihi
584 2396 750 2447 multa
779 2395 1018 2464 quidem,
1051 2395 1144 2448 sed
1174 2406 1226 2449 et
1255 2395 1386 2449 haec
1415 2415 1628 2449 narrare
1660 2397 1878 2458 solebat,

235 2482 321 2522 690
421 2466 561 2518 unde
592 2484 770 2518 meum
800 2484 1048 2535 praesens
1078 2466 1424 2519 instrueretur
1454 2485 1610 2536 opus:

355 2536 502 2589 ‘hoc’
535 2536 608 2588 ait
639 2537 716 2589 ‘in
747 2537 957 2606 campo’
981 2567 1053 2574 —
1075 2554 1428 2607 campumque
1455 2537 1683 2590 ostendit
1706 2566 1777 2574 —
1801 2536 2057 2590 ‘habebat

424 2626 513 2659 rus
544 2607 705 2659 breve
736 2625 856 2660 cum
888 2608 1019 2660 duro
1050 2626 1210 2677 parca
1240 2609 1427 2661 colona
1456 2608 1584 2660 viro.

349 2677 437 2731 ille
469 2696 618 2731 suam
649 2678 938 2747 peragebat
967 2677 1211 2740 humum,
1245 2679 1354 2732 sive
1384 2698 1511 2731 usus
1544 2679 1702 2731 aratri

422 2767 516 2802 seu
536 2766 740 2803 curvae
769 2749 919 2801 falcis
952 2749 1062 2802 sive
1092 2749 1319 2802 bidentis
1351 2760 1477 2802 erat.

235 2835 318 2874 695
350 2818 481 2873 haec
508 2819 668 2872 modo
699 2820 941 2872 verrebat
970 2828 1197 2873 stantem
1226 2820 1439 2874 tibicine
1470 2820 1664 2883 villam,

421 2908 563 2943 nunc
593 2891 772 2943 matris
803 2891 995 2960 plumis
1026 2909 1127 2944 ova
1155 2891 1387 2945 fovenda
1416 2891 1599 2953 dabat3

352 2970 443 3014 aut
473 2961 665 3014 virides
696 2961 897 3015 malvas
929 2971 1020 3015 aut
1049 2962 1244 3032 fungos
1276 2962 1476 3032 colligit
1506 2962 1670 3024 albos,

423 3041 514 3084 aut
543 3031 796 3085 humilem
825 3042 978 3101 grato
1009 3032 1218 3086 calfacit
1247 3032 1370 3103 igne
1401 3034 1595 3085 focum.

352 3111 403 3155 et
434 3112 611 3155 tamen
641 3103 864 3156 assiduis
897 3113 1106 3156 exercet
1136 3103 1382 3157 bracchia
1411 3103 1528 3155 telis

240 3188 321 3227 700
423 3172 779 3241 adversusque
809 3173 977 3225 minas
1007 3173 1219 3243 frigoris
1251 3193 1396 3226 arma
1425 3182 1591 3242 parat.

350 3242 488 3295 filius
519 3242 675 3295 huius
707 3252 816 3296 erat
845 3243 1014 3312 primo
1044 3243 1272 3296 lascivus
1302 3244 1356 3296 in
1388 3262 1535 3304 aeVO,

422 3313 801 3381 addideratque
832 3331 996 3366 annos
1029 3313 1097 3365 ad
1127 3313 1232 3366 duo
1263 3315 1428 3366 lustra
1458 3314 1606 3367 duos.

350 3383 396 3437 is
427 3383 567 3453 capit
597 3383 817 3437 extremi
847 3384 1058 3454 volpem
1088 3385 1324 3438 convalle
1355 3384 1547 3438 salicti:

423 3453 710 3509 abstulerat
738 3454 931 3508 multas
962 3454 1052 3508 illa
1083 3454 1310 3509 cohortis
1343 3474 1484 3509 aves·
