2158 3906
289 326 390 379 166
838 335 894 379 Ρ.
928 335 1135 380 OVIDII
1163 334 1436 381 NASONIS

286 440 462 491 nullus
492 439 545 490 in
575 438 674 490 hac
704 446 864 497 terra,
896 436 1110 489 recitem
1141 436 1183 488 si
1214 437 1471 500 carmina,
1504 437 1652 491 cuius

202 527 257 566 40
358 507 696 562 intellecturis
729 506 943 559 auribus
974 514 1128 569 utar,
1147 507 1311 560 adest.

287 598 385 632 nec
417 598 520 646 quo
553 578 819 639 secedam,
848 578 994 630 locus
1027 587 1127 630 est.
1160 578 1398 631 custodia
1427 578 1566 630 muri

360 658 655 701 summovet
683 647 903 701 infestos
934 649 1218 717 clausaque
1248 658 1401 719 porta
1433 647 1618 703 Getas.

288 738 443 788 saepe
474 717 688 800 aliquod
717 736 914 787 quaero
944 719 1166 773 verbum
1195 738 1493 788 nomenque
1522 721 1822 790 locumque,

357 808 454 842 nec
484 790 765 857 quisquam
797 798 898 853 est,
931 809 962 843 a
991 808 1096 858 quo
1129 791 1318 843 certior
1348 810 1463 844 esse
1492 808 1700 859 queam.

200 878 255 916 45
289 861 459 913 dicere
491 879 649 929 saepe
679 859 880 928 aliquid
910 861 1121 914 conanti
1149 891 1221 899 -—
1250 870 1403 931 turpe
1433 860 1611 914 fateri!
1643 890 1716 901 —-

357 931 521 984 verba
551 930 680 982 mihi
711 931 924 993 desunt,
956 932 1287 1000 dedidicique
1317 932 1478 1001 loqui.

287 1002 531 1055 Threicio
565 1001 922 1071 Scythicoque
951 1003 1062 1056 fere
1094 1003 1452 1056 circumsonor
1481 1020 1586 1065 ore,

358 1083 410 1125 et
439 1072 620 1125 videor
651 1071 854 1127 Geticis
886 1074 1113 1127 scribere
1142 1092 1298 1143 posse
1328 1073 1516 1126 modis·

284 1144 441 1196 crede
471 1144 623 1205 mihi,
655 1144 842 1207 timeO,
872 1164 939 1197 ne
971 1145 1075 1197 sint
1103 1144 1327 1197 inmixta
1355 1145 1564 1198 Latinis

199 1230 257 1267 50
358 1214 516 1282 inque
546 1215 676 1267 meis
709 1215 913 1285 scriptis
944 1215 1168 1268 Pontica
1199 1216 1360 1268 verba
1388 1216 1552 1285 legas.

287 1286 726 1367 qualemcumque
756 1287 928 1356 legas,
959 1287 1114 1339 venia
1145 1286 1363 1356 dignare
1394 1287 1648 1350 libellum,

359 1356 510 1409 sortis
541 1365 593 1409 et
623 1375 819 1410 excusa
849 1357 1155 1411 condicione
1186 1376 1353 1411 meae.

863 1510 1056 1554 LIBER
1087 1509 1404 1563 QUARTUS.

1114 1611 1159 1664 Ι.

287 1709 348 1764 Si
379 1728 484 1778 qua
514 1709 643 1763 meis
674 1710 892 1772 fuerint,
923 1719 982 1762 ut
1012 1720 1189 1773 erunt,
1220 1711 1409 1763 vitiosa
1438 1708 1644 1773 libellis,

358 1790 607 1833 excusata
637 1800 732 1832 suo
763 1791 1023 1850 tempore,
1055 1782 1243 1843 lector,
1275 1781 1427 1834 habe.

283 1853 409 1904 exul
440 1871 607 1914 eram,
638 1852 951 1919 requiesque
981 1852 1133 1913 mihi,
1164 1870 1270 1904 non
1300 1852 1467 1912 fama,
1498 1852 1663 1920 petita
1694 1860 1789 1914 est,

356 1941 504 1975 mens
534 1923 735 1975 intenta
767 1923 873 1974 suis
903 1941 969 1974 ne
1000 1923 1136 1975 foret
1166 1940 1335 1990 usque
1365 1922 1534 1973 maliS.

228 2007 254 2046 5
286 1992 386 2045 hoc
418 2003 520 2055 est,
552 2012 645 2046 cur
675 2002 848 2046 cantet
879 1993 1084 2046 vinctus
1115 2011 1326 2061 quoque
1358 1992 1611 2062 compede
1642 1992 1813 2046 fossor

356 2064 569 2117 indocili
598 2082 842 2126 numerO,
875 2082 996 2117 cum
1026 2083 1188 2134 grave
1219 2064 1386 2116 mollit
1415 2082 1566 2134 opus.

287 2145 463 2187 cantat
493 2143 545 2187 et
573 2134 802 2188 innitens
831 2135 1048 2188 limosae
1078 2154 1275 2205 pronus
1305 2135 1550 2197 harenae,
1626 2157 1628 2159 ’

359 2207 579 2259 adverso
610 2205 814 2258 tardam
846 2206 937 2274 qui
966 2206 1124 2259 trahit
1154 2225 1309 2259 amne
1339 2215 1530 2259 ratem.

286 2278 482 2345 quique
512 2277 674 2330 refert
703 2277 899 2347 pariter
928 2278 1096 2330 lentos
1127 2278 1195 2330 ad
1224 2287 1438 2347 pectora
1467 2295 1657 2340 remOS,

204 2363 257 2401 10
357 2348 411 2399 in
441 2367 722 2400 numerum
751 2348 906 2417 pulsa
936 2348 1181 2401 bracchia
1209 2348 1369 2400 iactat
1400 2366 1553 2415 aqua.

286 2418 458 2472 fessus
490 2428 548 2470 ut
576 2418 818 2471 incubuit
847 2418 1036 2471 baculo
1068 2436 1261 2472 saxove
1292 2418 1487 2471 resedit

358 2498 559 2558 pastor,
591 2489 918 2542 harundineo
949 2489 1178 2542 carmine
1210 2490 1405 2542 mulcet
1436 2507 1578 2541 oves.

289 2560 545 2613 cantantis
575 2560 793 2629 pariter,
824 2560 1020 2629 pariter
1050 2561 1174 2612 data
1203 2579 1366 2629 pensa
1396 2559 1650 2613 trahentis

359 2631 558 2683 fallitur
587 2630 807 2683 ancillae
839 2631 1214 2713 decipiturque
1229 2631 1394 2683 labor.

205 2715 256 2754 15
287 2701 454 2755 fertur
484 2710 536 2755 et
566 2701 796 2754 abducta
825 2700 1122 2771 Lyrneside
1152 2701 1312 2754 tristis
1342 2700 1580 2755 Achilles

359 2772 658 2825 Haemonia
688 2790 841 2825 curas
872 2782 1171 2826 attenuasse
1201 2773 1332 2842 lyra.

289 2862 410 2897 cum
439 2843 669 2896 traheret
699 2843 857 2896 silvas
890 2841 1140 2925 Orpheus
1171 2853 1221 2896 et
1254 2843 1386 2896 dura
1416 2842 1651 2897 canendo

361 2934 511 2977 saxa,
543 2914 624 2967 bis
656 2914 847 2967 amissa
878 2915 1103 2983 coniuge
1132 2923 1364 2967 maestus
1397 2924 1523 2967 erat.

287 3005 373 3038 me
404 3003 614 3053 quoque
644 2984 808 3038 Musa
836 2986 978 3038 levat
1006 2985 1167 3037 Ponti
1196 2985 1355 3039 loca
1341 3005 1486 3038 mssa
1514 2993 1807 3040 tenentem:

203 3071 259 3109 20
362 3057 472 3108 sola
503 3075 677 3109 comes
708 3064 919 3109 nostrae
949 3057 1176 3126 perstitit
1204 3056 1296 3109 illa
1324 3056 1503 3125 fugae,

291 3128 401 3179 sola
430 3146 527 3179 nec
557 3127 773 3180 insidias
803 3145 903 3180 nec
931 3127 1030 3180 iter
1060 3145 1158 3180 nec
1188 3126 1417 3179 Thracia
1446 3127 1551 3179 tela

360 3216 457 3250 nec
489 3217 631 3250 mare
662 3217 760 3251 nec
790 3207 974 3250 ventos
1006 3198 1408 3264 barbariamque
1439 3197 1602 3250 timet.

255 3304 258 3308 -
289 3268 387 3320 scit
418 3286 653 3336 quoque,
685 3287 805 3321 cum
836 3268 990 3337 perii,
1022 3268 1140 3335 quis
1171 3287 1255 3320 me
1287 3268 1552 3336 deceperit
1583 3286 1742 3331 error,

362 3348 413 3391 et
443 3340 653 3407 culpam
682 3339 738 3390 in
766 3339 932 3400 fact-0¹,
964 3355 1069 3389 non
1099 3339 1293 3400 scelus,
1325 3357 1438 3391 esse
1469 3356 1604 3391 meo·

205 3427 258 3464 25
292 3409 489 3462 scilicet
518 3410 618 3462 hoc
647 3410 762 3479 ipso
793 3427 934 3463 nunc
965 3426 1159 3476 aequa,
1190 3408 1334 3477 quod
1363 3408 1516 3461 offuit
1546 3418 1683 3473 ante,

363 3499 484 3533 cum
514 3498 723 3533 mecum
752 3479 916 3533 iuncti
946 3480 1176 3533 criminis
1206 3489 1322 3535 acta
1352 3498 1443 3533 rea
1473 3490 1567 3534 est.
