2158 3906
833 350 1134 386 PRAEFATIO.
1816 346 1899 382 vlt

64 449 192 494 tasse
213 443 301 513 ἃς.
321 443 439 492 XVI
468 446 676 490 extantes
703 443 852 488 nullos
871 456 967 487 um-
1000 447 1140 501 poeta
1159 446 1277 488 teste
1298 440 1451 487 Plinio
1471 442 1563 487 HN
1584 441 1775 486 XXXII
1798 441 1896 497 152,

68 515 210 563 quam
222 500 310 546 msi
323 499 575 560 dactylicos
589 514 745 546 versus
758 499 970 544 adhibuit
998 512 1089 544 non
1110 499 1306 558 perfecit
1324 504 1376 543 ut
1395 500 1576 558 opinor,
1607 499 1653 543 in
1682 512 1773 556 quo
1799 511 1896 541 rem

71 557 380 615 —violentus‚
401 557 603 603 molestis
624 557 859 602 doctrinae
874 569 968 601 am·
999 570 1088 601 non
1108 557 1280 601 multae
1312 556 1567 601 dulcedinis
1590 556 1704 600 duro
1725 559 1772 599 et
1791 554 1895 599 sub·

71 614 270 675 bagibus
289 613 500 660 refertus.
542 613 632 667 Qui
651 613 771 659 liber
790 626 894 658 cum
914 626 969 658 ex
998 613 1193 658 obscuro
1213 625 1419 658 sermone
1439 613 1664 658 tractavit.

69 668 242 718 fabulis
275 675 414 729 atque
448 683 504 716 ex
533 670 725 716 historia
759 682 845 715 nec
878 682 970 715 non
1055 670 1130 715 De
1166 670 1564 729 fragmentis
1598 668 1713 714 nihil
1745 667 1898 713 habeo

68 739 130 775 ex
154 727 526 787 poetarum-vitis
559 741 633 773 res
700 726 887 772 lurimas
919 726 969 771 in
999 727 1121 785 quod
1154 727 1345 784 addam,
1385 727 1474 771 nisi
1509 727 1618 781 hoc,
1654 725 1742 783 Epi
1803 739 1896 769 am-

70 785 234 843 hisque
272 784 489 830 nonnulla
516 783 640 830 aliun
675 797 700 829 e
734 783 969 843 incognita
998 788 1171 829 matum
1190 783 1372 839 librum,
1393 784 1454 828 ad
1475 796 1612 841 quem
1628 782 1671 827 fr
1709 785 1747 825 .‘
1766 815 1778 837 ,
1795 782 1837 837 4,
1856 783 1897 838 7,

68 840 332 898 contineat,
403 841 688 887 enarratione
755 844 970 886 accurata
1000 842 1069 897 15,
1087 842 1142 885 16
1162 840 1434 899 pertinuisse
1451 846 1577 899 puto,
1600 853 1654 885 ex
1721 838 1898 884 artialis

71 896 240 958 dignus
287 901 357 944 est
401 899 562 1000 &quam
607 897 876 956 aliquando,
929 897 970 942 si
998 897 1252 943 imitatione
1273 898 1444 957 optime
1465 897 1680 956 cognosci
1698 909 1847 955 posse.

69 954 209 1023 copia
254 969 308 999 su
341 968 399 1014 pe
434 954 590 1012 itabit,
641 958 876 1015 praestare
921 953 969 998 in

69 1023 225 1057 ammo
264 1010 325 1056 ha
359 1014 450 1068 eo).
531 1011 635 1058 Non
674 1015 808 1071 puto,
848 1012 970 1055 hunc
1056 1011 1112 1056 In
1130 1025 1188 1056 re
1210 1011 1414 1056 critica
1433 1009 1689 1056 factitanda
1705 1010 1899 1055 eandem

71 1068 242 1114 librum
277 1082 306 1113 a
373 1072 478 1114 oeta
512 1067 789 1114 destinatum
826 1067 968 1112 fuisse
1000 1067 1096 1113 fere
1124 1068 1247 1112 viam
1274 1073 1412 1126 atque
1440 1067 1489 1112 in
1518 1066 1898 1133 Metamorphosi-

73 1125 154 1184 qui
192 1082 400 1183 epistulis
427 1138 483 1170 ex
507 1123 656 1170 Ponto
683 1125 867 1183 quintus
895 1138 969 1169 ac·
1000 1125 1084 1169 bus
1104 1125 1339 1184 ingressus
1354 1138 1468 1168 sum.
1510 1124 1576 1170 Ut
1596 1123 1717 1167 enim
1737 1138 1784 1167 in
1805 1123 1899 1189 illis

69 1181 281 1227 cederet:
300 1195 407 1226 nam
428 1185 474 1226 et
487 1181 715 1227 nonnullis
730 1181 822 1226 iam
839 1179 970 1225 annis
999 1181 1143 1225 codex
1177 1181 1437 1226 Marcianus
1473 1185 1540 1236 et,
1580 1180 1619 1223 si
1656 1194 1757 1223 cum
1795 1179 1898 1224 aliis

72 1241 181 1284 ante
215 1236 318 1282 illos
351 1236 439 1282 scri
474 1241 546 1282 tus
581 1242 652 1282 est
685 1241 732 1282 et
765 1241 860 1282 tam
895 1250 968 1281 ac·
999 1250 1258 1304 compares,
1293 1237 1354 1281 ab
1388 1235 1819 1294 interpolationibus
1847 1236 1898 1279 li·

68 1297 228 1340 curate
257 1292 443 1339 elabora
463 1307 538 1350 us,
566 1297 619 1338 ut
644 1293 704 1338 ab
724 1292 816 1337 illis
836 1292 968 1338 levis·
998 1293 1222 1338 berrimus
1250 1298 1321 1338 est
1346 1306 1432 1337 nec
1451 1298 1605 1337 tamen
1626 1292 1811 1336 omnino
1831 1293 1896 1336 in-

68 1348 186 1397 time
207 1348 364 1397 effusis
389 1353 485 1395 toto
509 1349 637 1395 caelo
658 1349 811 1394 distet.
871 1348 967 1407 Ap·
998 1354 1131 1408 teger
1158 1362 1244 1394 nec
1272 1362 1456 1407 prorsus
1493 1363 1549 1394 ea
1583 1349 1687 1394 labe
1723 1362 1899 1402 carens,

70 1410 205 1468 paret
230 1404 279 1451 ni
307 1405 443 1451 fallor
476 1419 531 1452 ex
557 1405 712 1463 Ibide,
750 1405 968 1450 librorum
998 1411 1140 1464 utque
1168 1406 1439 1464 corruptelis
1466 1420 1646 1474 quoque
1675 1406 1768 1450 suis
1803 1406 1900 1450 veri

65 1461 251 1523 copiam
265 1466 430 1522 poetae
446 1462 646 1508 exulanti
660 1476 752 1507 non
766 1461 968 1507 defuisse
998 1462 1260 1508 inveniendi
1281 1477 1439 1507 ansam
1469 1463 1543 1507 hic
1568 1462 1663 1507 illic
1691 1463 1831 1513 (velut
1852 1462 1900 1507 X

69 1544 129 1563 -.-
153 1532 211 1565 ne
239 1519 399 1565 credas
426 1518 518 1579 ipsi
544 1518 685 1564 Trist.
707 1518 781 1565 111
805 1519 875 1575 14,
895 1519 965 1564 37.
1000 1520 1099 1575 192)
1115 1521 1135 1552 ⁴
1163 1521 1358 1578 praebet
1376 1545 1432 1553 —
1452 1533 1558 1564 nam
1588 1519 1900 1564 l’arisinorum

71 1571 118 1624 V
152 1576 229 1634 12,
256 1576 314 1622 53
347 1575 434 1622 hoc
468 1575 677 1636 querenti
711 1600 768 1610 ——
802 1579 967 1633 (neque
998 1577 1214 1622 librorum
1250 1577 1452 1621 carmina
1492 1577 1714 1621 amatoria
1754 1577 1898 1620 conti-

67 1633 165 1681 una
198 1632 316 1679 ratio
351 1636 421 1679 est
459 1646 578 1692 quae
617 1633 804 1679 credere
844 1637 969 1678 vetet
998 1634 1200 1679 nentium
1210 1633 1300 1678 ritu
1310 1634 1513 1693 integros
1522 1634 1726 1678 novimus
1735 1633 1897 1689 nullos,

66 1702 176 1736 eum
192 1689 420 1749 permulta
434 1702 518 1735 sua
531 1689 680 1735 Roma
694 1703 850 1735 secum
865 1689 966 1735 abs·
999 1716 1069 1747 —,
1091 1690 1158 1735 ita
1179 1691 1418 1735 Fastorum
1441 1690 1582 1735 codex
1605 1690 1673 1735 Re
1711 1690 1897 1745 mensis,

66 1746 266 1804 tulisse);
297 1746 418 1792 solus
438 1745 582 1807 igitur
603 1751 805 1792 maestus
827 1747 967 1792 animi
998 1747 1220 1792 Tristium
1260 1747 1623 1801 Laurentianus,
1707 1747 1896 1805 pistula·

66 1806 216 1850 status
236 1816 341 1849 eum
360 1802 525 1850 Fastos
552 1804 613 1849 ad
639 1803 778 1850 finem
801 1804 966 1862 perdu·
998 1820 1096 1849 rum
1107 1804 1472 1863 Hamburgensis
1491 1804 1685 1863 primum
1703 1805 1897 1860 quisquc

69 1873 174 1907 cere
212 1859 461 1919 prohibuit.
527 1859 758 1920 Pleraque
798 1866 966 1917 autem,
998 1862 1144 1907 locum
1161 1868 1369 1920 occupat.
1388 1862 1503 1905 Eam
1520 1861 1660 1920 igitur
1675 1861 1897 1905 rationem

62 1929 189 1978 'quae
216 1917 403 1976 quidem
428 1931 519 1964 non
548 1931 574 1963 e
600 1918 803 1977 priorum
821 1918 967 1977 ipsius
997 1919 1209 1974 adhibui,
1251 1925 1302 1963 ut
1342 1919 1546 1963 codicem
1579 1931 1761 1976 quoque
1798 1919 1897 1962 loco

65 1986 98 2020 o
134 1987 260 2020 erum
279 1974 442 2020 studiis
461 1974 505 2020 ei
557 1979 708 2020 raesto
732 1979 884 2028 erant,
914 1989 967 2020 ex
997 1976 1232 2034 optimum,
1250 1990 1338 2020 non
1356 1981 1508 2020 autem
1524 1981 1695 2020 temere
1714 1976 1897 2031 clectos,

75 2082 78 2084 v
117 2030 251 2098 ygini
271 2034 318 2077 et
331 1989 687 2090 Pompe'ssrrogi
706 2031 966 2090 aequalium
999 2046 1229 2092 sequerer,
1255 2033 1532 2100 ubicumque
1554 2039 1599 2076 et
1620 2032 1736 2076 ratio
1758 2039 1801 2075 ct
1825 2047 1897 2076 rcs

66 2088 286 2146 operibus
326 2101 430 2134 eum
467 2088 674 2133 hausisse
714 2088 873 2133 credo:
919 2088 967 2132 id
999 2095 1045 2134 et
1060 2103 1207 2134 sermo
1223 2089 1271 2133 id
1287 2090 1514 2147 permis1t3
1536 2090 1725 2134 eaedem
1742 2095 1894 2133 autem

66 2144 195 2203 quod
214 2158 334 2190 nunc
353 2157 444 2189 non
466 2145 723 2190 accuratius
742 2145 964 2190 tractabo.
998 2160 1070 2190 res
1098 2146 1179 2191 ubi
1199 2160 1290 2192 non
1310 2146 1635 2204 permiserunt,
1664 2145 1731 2190 ibi
1759 2147 1894 2190 ratio·

11 2235 17 2243 .
68 2227 128 2236 —
161 2201 271 2246 Alia
302 2200 350 2246 in
385 2201 593 2247 inimicos
626 2202 829 2247 carmina
862 2202 967 2246 vide
997 2217 1102 2248 nem
1142 2206 1347 2248 ‘centum
1386 2203 1619 2247 codicibus
1653 2202 1896 2260 potiorem’

8 3494 19 3503 ,Ἢ
60 3467 67 3472 ·
91 3463 95 3468 ·
133 3450 177 3494 4.
209 3450 577 3495 Halieuticon
596 3451 827 3508 volumen,
851 3452 973 3509 quod

12 3611 27 3703 ἓ,

35 2486 59 2497 x

67 2257 151 2302 Tr.
181 2257 255 2303 111
283 2259 353 2315 11,
381 2257 451 2304 IV
477 2258 519 2325 9,
547 2257 592 2305 V
613 2258 655 2303 8.
692 2258 732 2302 P
753 2258 822 2304 IV
841 2259 883 2303 3.
911 2284 967 2292 ——
997 2259 1139 2304 habui
1161 2260 1616 2319 emendationemque
1644 2260 1716 2303 vel
1744 2275 1796 2303 cx
1826 2274 1895 2303 rc·

67 2313 209 2360 Extat
228 2320 576 2360 commentarius
601 2314 650 2359 in
668 2315 774 2360 Ibin
795 2315 967 2360 saeculi
998 2316 1250 2361 centiorum
1286 2316 1493 2361 codicum
1528 2321 1582 2371 (ς)
1622 2316 1895 2360 lectionibus

66 2370 167 2417 fere
188 2371 317 2428 sexti,
338 2371 548 2429 mendax,
569 2372 707 2431 pretii
722 2372 966 2417 admodum
997 2387 1087 2418 non
1107 2387 1246 2431 saepe
1266 2373 1397 2418 bouis
1424 2374 1497 2418 vel
1524 2373 1721 2416 virorum
1741 2374 1894 2417 docto-

68 2427 215 2488 parvi,
237 2428 514 2474 carminibus
535 2433 775 2474 exornatus
796 2429 856 2473 ad
871 2429 965 2473 Au-
996 2445 1097 2474 rum
1117 2430 1310 2475 aliorum
1340 2429 1511 2474 meisve
1540 2430 1735 2474 inventis
1757 2444 1894 2487 quac-

65 2484 187 2530 sonii
206 2484 588 2544 epigrammatum
614 2499 819 2530 normam
848 2500 966 2531 com·
998 2487 1096 2531 sivi.
1158 2487 1261 2540 Qua
1289 2487 1337 2531 in
1364 2501 1413 2531 rc
1443 2487 1481 2531 si
1510 2487 1621 2544 quid
1649 2501 1697 2530 re
1722 2487 1823 2544 ipsa
1845 2502 1895 2530 se

105 2540 232 2587 ositis
251 2542 335 2587 sed
354 2542 414 2587 ad
434 2546 596 2602 poetas
613 2542 779 2588 Ovidio
799 2556 966 2601 aequa·
998 2544 1368 2600 commendabat,
1403 2545 1452 2588 id
1479 2549 1575 2588 tum
1603 2544 1796 2588 maxime
1828 2558 1894 2587 re-

91 2611 139 2644 es
157 2598 328 2644 relatis.
999 2601 1261 2659 cipiendum
1289 2601 1417 2657 duxi,
1447 2601 1486 2644 si
1514 2601 1707 2659 singulis
1735 2601 1893 2658 optimi

121 2655 168 2701 3.
207 2654 284 2700 Ex
317 2655 495 2701 Ponto
530 2655 830 2714 epistularum
862 2656 968 2701 libri
997 2658 1106 2702 libri
1125 2658 1381 2703 litterarum
1405 2657 1613 2716 apicibus
1634 2670 1772 2714 quam
1795 2672 1894 2715 pro-

66 2716 288 2769 quattuor
322 2712 443 2758 intra
457 2727 599 2758 annos
616 2714 671 2757 12
689 2718 733 2758 et
749 2714 806 2758 16
819 2729 864 2781 p.
884 2713 966 2758 Ch.
999 2715 1116 2759 xime
1156 2715 1419 2759 accederet:
1467 2715 1545 2772 qui
1593 2729 1696 2758 cum
1734 2715 1897 2759 melius

67 2769 162 2814 scri
194 2769 254 2826 ti,
276 2746 509 2814 'l'ristibus
532 2769 776 2814 admodum
797 2770 968 2815 similes
998 2772 1110 2816 mihi
1131 2785 1268 2829 quam
1296 2772 1524 2829 prioribus
1549 2771 1802 2815 editoribus
1823 2786 1895 2815 co-

68 2826 170 2870 nihi
188 2839 277 2884 que
296 2825 395 2871 fere
420 2826 527 2870 novi
553 2827 849 2884 praebentes,
881 2827 969 2871 nisi
998 2828 1116 2887 gniti
1137 2829 1248 2882 sint,
1281 2828 1565 2872 coniecturas
1594 2829 1681 2872 hac
1709 2829 1896 2885 quidem

68 2882 197 2940 quod
236 2886 283 2927 et
321 2881 458 2926 amici
497 2882 557 2927 ad
596 2897 709 2940 quos
745 2884 968 2942 epistulae
998 2900 1048 2929 re
1074 2885 1123 2928 ni
1156 2884 1292 2929 fallor
1325 2884 1679 2942 praestantiores
1714 2886 1897 2942 saepius

73 2938 334 2984 scribuntur
345 2938 423 2984 hic
438 2939 739 2992 nominantur,
757 2940 968 3007 quodque
998 2955 1169 2999 ponere
1217 2941 1326 2985 otui.
1360 2941 1511 2994 Quare
1529 2955 1614 2985 nec
1631 2941 1897 2986 eclecticam

69 3009 221 3041 sermo
239 2995 389 3055 magis
409 2996 549 3040 etiam
564 3008 702 3052 quam
716 2996 811 3041 illic
830 2997 971 3055 (quod
999 3012 1138 3056 quam
1203 2999 1330 3042 icunt
1365 2997 1422 3042 N.
1455 2998 1635 3041 Heinsii
1669 3012 1754 3043 nec
1790 2998 1898 3042 libri

69 3052 173 3112 ipse
193 3051 448 3112 profitetur)
475 3053 714 3120 neglectus
735 3058 806 3097 est
826 3058 873 3097 et
893 3054 969 3098 de·
1000 3054 1160 3113 optimi
1198 3055 1349 3113 rigide
1387 3060 1596 3099 tenacem
1636 3054 1691 3099 Ο.
1732 3055 1897 3099 Kornii

69 3109 332 3168 generavit,
367 3113 621 3154 sententlae
657 3125 880 3168 nusquam
910 3111 970 3154 ad
999 3112 1221 3156 rationem
1265 3111 1498 3170 ingressus
1537 3111 1738 3156 mediam
1775 3112 1898 3156 viam

71 3165 285 3211 altiorem
330 3179 522 3225 poeseos
561 3166 784 3225 impetum
822 3181 969 3212 assur·
999 3174 1156 3213 tenere
1178 3169 1346 3212 studui.

70 3224 969 3282 gunt,versuumquoqueculturaminui-
1056 3225 1347 3269 Fastorum
1382 3225 1590 3269 codicum
1623 3225 1899 3293 Reginensis

73 3283 172 3336 tur,
201 3279 240 3324 si
267 3280 454 3348 quidem
480 3281 758 3338 pentametri
783 3282 970 3326 vocibus
1003 3283 1113 3337 1709
1140 3283 1235 3327 sive
1255 3282 1499 3326 Petaviani
1527 3296 1646 3326 saec.
1677 3283 1724 3326 λ
1752 3284 1824 3335 (R)
1854 3289 1900 3325 et

48 3346 53 3352 ·
73 3335 327 3404 trisyllabis
348 3342 514 3382 exeunt
534 3351 612 3382 sex
623 3371 634 3393 ,
660 3338 971 3395 tetrasyllabis
1000 3339 1216 3385 Vaticani
1225 3339 1338 3384 3262
1350 3339 1444 3384 sive
1454 3338 1690 3385 Ursiniani
1699 3353 1818 3383 saec.
1829 3339 1900 3381 XI

62 3393 243 3452 *viginti
256 3395 728 3461 unus,pentasyllabis
743 3400 969 3452 quattuor.

77 3509 95 3532 ⁴
283 3508 293 3518 .
399 3509 408 3518 .
626 3510 635 3519 .
752 3511 761 3520 .
930 3511 939 3520 .
962 3509 971 3527 ,
1043 3484 1066 3515 4
1087 3483 1152 3516 ubi
1167 3484 1207 3515 in
1226 3483 1341 3523 praef.
1359 3483 1559 3525 legendum
1587 3483 1731 3525 ‘qetum
1747 3483 1800 3524 M,
1825 3491 1899 3515 cor·

102 3520 311 3564 supremas
337 3523 426 3552 suas
455 3510 709 3566 temportbus
743 3511 952 3553 mcohavzt
1002 3526 1084 3559 mr.
1130 3529 1324 3568 grauatum
1341 3527 1395 3565 ς’.
