2158 3906
457 332 771 380 'rmsrmM
799 333 919 381 LIB.
951 334 988 378 1.
1019 334 1082 392 11,
1114 335 1315 391 van-111,
1347 335 1416 380 54.

87 454 197 492 non
226 433 375 488 aliter
404 435 608 504 stupui,
640 453 800 503 quam
831 436 922 504 qui
953 436 1095 489 Iovis
1127 436 1338 506 ignibus
1369 436 1502 490 ictus

161 505 291 558 vivit
321 513 372 558 et
402 514 481 557 est
512 504 649 559 vitae
680 507 887 559 nescius
918 507 1030 576 ipse
1061 526 1204 567 suae.

90 585 151 632 ut
180 586 354 630 tamen
384 573 520 638 hanc
551 576 712 628 animi
742 577 938 630 nubem
970 578 1118 631 dolor
1146 579 1258 648 ipse
1290 578 1528 641 removit,

161 654 219 699 ut
248 645 460 699 tandem
491 664 675 699 sensus
707 648 1021 701 convaluere
1052 649 1172 710 mei,

89 717 346 785 adloquor
375 725 669 777 extremum
699 728 926 771 maestos
958 719 1194 772 abiturus
1226 721 1439 783 amicos,

162 787 254 856 qui
281 785 439 840 modo
470 786 534 840 de
565 787 743 846 multis
774 807 910 842 unus
942 799 993 842 et
1025 791 1155 843 alter
1185 802 1348 844 erant.

69 876 225 925 guxor
253 875 435 912 amans
465 857 678 912 flentem
708 859 839 915 fiens
870 861 1040 913 acrius
1073 861 1187 931 ipsa
1217 863 1446 926 tenebat,

160 928 327 989 imbre
357 947 451 999 per
479 929 722 1000 indignas
753 949 921 999 usque
954 931 1171 985 cadente
1201 951 1382 1001 genas.

34 1028 54 1045 ·
89 1009 212 1054 nata
242 999 424 1070 procul
455 999 672 1069 Libycis
703 1001 885 1055 aberat
915 1002 1122 1055 diversa
1152 1003 1252 1056 sub
1284 1004 1417 1057 oris:

60 1086 85 1131 ,·
160 1088 264 1124 non
296 1079 500 1141 poterat
529 1071 625 1123 fati
656 1072 844 1125 certior
875 1092 988 1125 esse
1021 1074 1140 1126 mei.

51 1157 425 1214 ‘quocumque
456 1142 741 1212 aspiceres,
771 1143 942 1196 luctus
974 1143 1309 1212 gemitusque
1341 1146 1619 1208 sonabant,

53 1216 58 1224 “
159 1211 435 1279 formaque
466 1231 570 1265 non
602 1213 746 1267 taciti
775 1213 975 1267 funeris
1007 1215 1146 1267 intus
1178 1226 1305 1268 erat.

157 1353 316 1421 inque
347 1352 503 1406 domo
534 1353 775 1406 lacrimas
807 1355 1032 1424 angulus
1065 1355 1234 1407 omnis
1267 1354 1440 1408 habet.

85 1424 134 1479 εἰ
163 1424 285 1477 licet
314 1424 568 1495 exemplis
599 1425 653 1477 in
684 1443 848 1495 parvo
877 1425 1167 1494 grandibus
1201 1426 1299 1478 uti:

159 1494 289 1549 haee
318 1494 480 1551 facies
510 1494 725 1559 Troiae,
757 1515 877 1549 cum
909 1508 1207 1566 caperetur,
1240 1508 1367 1550 erat.

10 1583 40 1601 ‘⁵
85 1566 296 1635 iamque
327 1564 670 1634 quiescebant
702 1583 857 1620 voces
887 1566 1266 1636 hominumque
1298 1587 1615 1638 canumque,

55 1640 62 1645 ”
160 1636 421 1705 Lunaque
451 1645 734 1690 nocturnos
765 1638 870 1691 alta
902 1637 1118 1707 regebat
1150 1656 1331 1707 equos.

88 1707 224 1776 hanc
253 1725 354 1778 ego
384 1706 674 1778 suspiciens
705 1718 757 1762 et
787 1709 855 1762 ab
886 1708 983 1761 hac
1017 1707 1283 1779 Capitolia
1313 1729 1552 1773 cernens,

159 1796 294 1848 quae
323 1787 501 1832 nostro
531 1777 725 1832 frustra
754 1780 933 1833 iuncta
964 1780 1111 1833 fuere
1143 1780 1288 1842 Lari,

10 1842 13 1853 ’
84 1848 328 1903 ‘numina
357 1848 540 1903 vicinis
571 1849 862 1903 habitantia
891 1851 1149 1915 s‘edibus',
1181 1852 1395 1921 inquam

157 1920 368 1989 iamque
399 1920 565 1973 oculis
595 1939 882 1989 numquam
915 1923 1111 1991 templa
1143 1922 1370 1976 videnda
1403 1923 1550 1985 meis,

84 1989 245 2060 dique
275 1991 628 2060 relinquendi,
660 2010 793 2060 quos
825 1991 949 2046 urbs
981 1992 1139 2046 habet
1170 1994 1275 2046 alta
1308 1993 1561 2060 Quirini„

160 2071 268 2115 este
298 2061 510 2115 salutati
539 2072 746 2132 tempus
777 2062 831 2115 in
861 2081 1014 2116 omne
1046 2064 1193 2117 mihil

84 2141 142 2187 et
170 2150 492 2201 quamquam
523 2151 639 2186 sero
670 2133 896 2203 clipeum
927 2145 1043 2203 post
1075 2135 1293 2188 vulnera
1324 2155 1492 2198 sunm,

160 2212 393 2256 attamen
422 2203 558 2257 hanc
589 2203 719 2257 odiis
751 2216 1031 2258 exonerate
1063 2206 1246 2275 fugam

84 2273 405 2343 caelestique
435 2274 571 2336 vir0,
603 2275 719 2343 quis
752 2293 835 2328 me
866 2275 1128 2345 deceperit
1161 2295 1320 2339 error,

159 2343 340 2407 dicite,
370 2363 466 2415 pro
497 2346 653 2415 culpa
683 2365 749 2399 ne
780 2347 949 2399 scelus
982 2366 1095 2400 esse
1127 2357 1290 2417 putet.

88 2424 148 2469 ut
177 2415 320 2485 quod
350 2433 442 2474 vos
474 2415 642 2479 scitiS,
674 2435 873 2486 poenae
905 2435 1116 2486 quoque
1148 2420 1338 2471 sentiat
1369 2429 1569 2483 auctor,

53 2507 79 2517 κ
159 2486 364 2557 placato
393 2505 610 2558 possum
640 2506 746 2540 non
777 2488 935 2541 miser
965 2508 1079 2542 esse
1110 2489 1242 2542 de0.’

88 2555 187 2611 hac
217 2576 369 2628 prece
400 2557 616 2612 adoravi
646 2577 864 2629 superos
896 2578 1019 2629 ego:
1051 2560 1291 2630 pluribus
1323 2579 1473 2623 uxor,

128 2633 132 2638 '
161 2628 394 2698 singultu
423 2629 624 2686 medios
654 2629 970 2700 impediente
1003 2649 1173 2684 sonos.

86 2698 178 2752 illa
207 2699 364 2752 etiam
394 2710 514 2753 ante
545 2700 713 2754 Lares
745 2702 938 2771 sparsis
969 2712 1164 2754 astrata
1194 2702 1396 2771 capillis

161 2770 378 2840 contigit
408 2770 665 2824 extinctos
696 2789 784 2824 ore
814 2783 1068 2825 tremente
1099 2772 1263 2834 focos,

89 2840 441 2910 multaque.in
471 2841 718 2894 adversos
749 2841 934 2895 effudit
967 2843 1129 2895 verba
1157 2842 1388 2897 Penates

158 2929 252 2980 pro
283 2911 553 2981 deplorato
583 2930 688 2965 non
720 2913 943 2965 valitura
975 2914 1102 2965 viro.

88 2980 297 3051 iamque
327 3000 505 3036 morae
536 2983 763 3052 spatium
793 3002 898 3035 nox
930 2984 1270 3053 praecipitata
1300 2985 1550 3053 negabat,

159 3071 417 3121 versaque
447 3053 515 3105 ab
546 3072 643 3106 axe
675 3072 769 3106 suo
799 3054 1077 3106 Parrhasis
1109 3056 1303 3107 Arctos
1335 3064 1462 3106 erat.

88 3122 216 3192 quid
244 3123 505 3177 facerem?
535 3124 728 3177 blando
760 3126 960 3195 patriae
991 3126 1251 3178 retinebar
1282 3144 1486 3179 amore:

160 3194 343 3247 ultima
373 3195 467 3248 sed
495 3195 668 3248 iussae
698 3215 804 3247 nox
834 3208 943 3248 erat
975 3196 1063 3248 illa
1094 3197 1270 3266 fugae.

91 3262 147 3316 a!
177 3264 417 3332 quotiens
448 3266 623 3334 aliquo
655 3267 764 3318 dixi
794 3282 1106 3337 properante
1139 3267 1293 3334 ‘quid
1322 3269 1514 3337 urges?

162 3335 246 3388 vel
274 3353 379 3404 quo
408 3335 622 3390 festines
652 3338 750 3398 ire,
783 3339 866 3391 vel
897 3339 1060 3400 unde,
1093 3338 1263 3391 videI’

92 3403 148 3457 al
178 3406 418 3474 quotiens
449 3419 646 3461 certam
676 3428 759 3462 me
791 3428 908 3461 sum
941 3409 1187 3462 mentitus
1221 3409 1414 3463 habere

80 3499 92 3511 ·
163 3475 367 3540 horam,
397 3479 695 3548 propositae
727 3498 861 3548 quae
891 3480 1027 3534 foret
1059 3492 1181 3550 apta
1214 3481 1346 3533 viae.

11 1305 12 1354 j
59 1282 496 1351 ffemina'virque
527 1302 668 1345 me0‚
700 1284 849 1353 pueri
879 1301 1114 1352 quoque,
1146 1284 1331 1338 funere
1364 1295 1623 1339 maerent:

1699 326 1803 378 123

1834 737 1886 776 15

1832 1092 1888 1130 20

1832 1444 1886 1483 25

1829 1798 1886 1855 39

1827 2152 1882 2191 35

1826 2508 1883 2547 40

1827 2862 1882 2900 45

1827 3216 1885 3254 50
