2158 3906
303 346 618 394 TRISTIUM
638 328 760 392 LIB.
783 346 865 392 IV.
887 346 949 403 X,
972 346 1214 392 123-132.
1246 346 1366 391 LIB.
1392 346 1449 392 V.
1471 346 1510 403 1,
1532 345 1686 391 1—74.
1749 334 1855 387 183

138 458 269 523 quot
296 449 512 503 frutices
541 449 727 511 silvae,
759 457 887 518 quot
915 449 1078 502 flavas
1107 446 1341 518 Thybris
1371 446 1613 512 harenas,

210 519 388 575 mollia
417 528 546 589 quot
575 519 766 572 Martis
797 519 1036 589 gramina
1067 537 1285 589 campus
1316 518 1493 582 habet,

141 601 220 647 tot
246 591 386 645 mala
414 590 742 661 pertulimus.
817 608 1042 658 quorum
1072 590 1334 643 medicina
1362 589 1620 659 quiesque

212 662 358 717 nulla
387 660 487 728 nisi
517 661 573 714 in
602 661 776 715 studio
807 661 1185 730 Pieridumque
1216 679 1364 713 mora
1393 671 1488 714 est.
1569 717 1575 723 ,

139 732 285 805 ‘quis
315 731 434 795 tibi,
466 731 635 795 Nas0,
666 731 854 785 modus
885 731 1148 785 lacrimosi
1178 731 1479 785 carminis?'
1513 731 1716 801 inquis:
1885 747 1939 787 35

212 803 378 867 idem,
409 802 653 857 fortunae
683 803 775 871 qui
804 803 993 855 modus
1023 803 1180 856 huius
1210 803 1322 856 erit.

140 874 287 946 quod
315 892 529 944 querar,
560 874 651 927 illa
680 874 808 926 mihi
837 874 993 944 pleno
1025 873 1090 927 de
1120 873 1265 927 fonte
1295 874 1572 938 ministrat,

213 963 311 1000 nec
340 964 460 1000 mea
490 954 635 1008 sunt,
665 944 762 998 fati
795 945 954 998 verba
985 944 1078 998 sed
1107 945 1209 998 ista
1238 945 1357 999 mei.

141 1026 199 1072 at
226 1015 356 1070 mihi
386 1016 431 1070 si
461 1035 583 1070 cara
612 1016 836 1087 patriam
868 1035 989 1070 cum
1020 1016 1244 1086 coniuge
1274 1015 1482 1079 reddas,

54 1142 55 1146 ,
214 1087 317 1141 sint
346 1087 523 1140 vultus
554 1086 769 1150 hilareS,
802 1087 1007 1155 simque
1038 1087 1182 1156 quod
1212 1096 1332 1141 ante
1362 1083 1459 1140 fui.
1887 1102 1944 1142 4ο

52 1167 61 1226 j
141 1158 310 1214 lenior
337 1158 518 1212 invicti
550 1159 592 1211 si
623 1159 690 1211 sit
719 1157 847 1210 mihi
879 1157 1124 1211 Caesaris
1154 1158 1247 1220 ira,

215 1229 449 1284 carmina
476 1229 706 1283 laetitiae
736 1230 841 1281 iam
871 1228 967 1281 tibi
997 1229 1154 1298 plena
1183 1228 1337 1280 dabo,

9 1308 10 1311 ’
54 1303 68 1340 5.
141 1318 241 1355 nec
270 1310 448 1354 tamen
477 1309 536 1353 ut
564 1299 712 1363 lusit,
743 1318 923 1352 rursus
954 1318 1073 1352 mea
1101 1298 1275 1351 littera
1304 1298 1473 1352 ludet:

52 1432 53 1436 Ἰ
214 1370 283 1425 sit
312 1370 474 1425 semel
503 1371 593 1424 illa
623 1371 761 1423 malo
791 1369 1055 1423 luxuriata
1086 1368 1226 1422 meo!

141 1442 287 1512 quod
355 1442 505 1496 robet
532 1441 683 1524 Ipse,
715 1459 924 1494 canam:
958 1458 1159 1509 poenae
1191 1439 1349 1492 modo
1381 1448 1528 1508 parte
1558 1439 1735 1494 levata
1884 1456 1939 1495 45

10 1509 11 1518 ¹
51 1518 65 1583 ζ
215 1460 512 1566 barbariem
541 1512 739 1582 rigidos
769 1510 1128 1580 effugiamque
1161 1508 1346 1562 Getas.

58 1607 59 1614 ¹
141 1583 344 1638 interea
372 1582 537 1636 nostri
566 1582 694 1651 quid
724 1590 908 1652 agant,
940 1581 1041 1634 nisi
1072 1581 1245 1643 triste,
1276 1580 1469 1634 libelli?

215 1654 344 1708 tibia
372 1652 648 1709 funeribus
679 1652 925 1707 convenit
955 1652 1054 1705 ista
1084 1652 1231 1705 meiS.

140 1732 223 1780 ‘at
251 1724 481 1797 poteras’
513 1724 688 1794 inquis
719 1724 929 1777 ‘melius
960 1723 1098 1777 mala
1129 1723 1264 1776 ferre
1297 1722 1497 1776 silendo

215 1806 268 1851 et
299 1796 484 1850 tacitus
516 1814 670 1850 casus
701 1794 1032 1849 dissimulare
1062 1794 1214 1847 tuos!
1888 1812 1944 1851 50

142 1868 337 1939 exigis,
368 1876 426 1920 ut
455 1867 587 1920 nulli
615 1866 845 1937 gemitus
876 1875 1137 1919 tormenta
1166 1875 1471 1934 sequantur,

204 1947 538 2009 ¹acceptoque
568 1938 720 2006 gravi
750 1938 964 1991 vulnere
995 1937 1120 1991 flere
1152 1938 1331 1990 vetas?
1393 1969 1415 1990 κ

145 2011 258 2083 ipse
286 2009 515 2064 Perilleo
545 2008 789 2062 Phalaris
820 2008 1056 2078 permisit
1086 2007 1139 2061 in
1170 2026 1290 2062 aere

216 2081 371 2136 edere
401 2080 636 2151 mugitus
667 2088 718 2134 et
747 2080 904 2132 bovis.
928 2097 1016 2132 ore
1047 2079 1212 2147 queri.

143 2171 269 2208 cum
296 2151 497 2205 Priami
526 2150 755 2204 lacrimis
787 2150 1020 2203 offensus
1050 2168 1157 2202 non
1187 2149 1253 2202 sit
1284 2148 1539 2211 Achilles,
1888 2165 1942 2205 55

217 2233 276 2277 tu
304 2223 458 2276 fletus
487 2221 717 2285 inhibes,
749 2221 928 2274 durior
957 2221 1132 2283 hoste,
1162 2221 1341 2274 meos?

62 2327 64 2329 ·
144 2312 268 2349 cum
297 2293 494 2348 faceret
522 2292 733 2347 Nioben
763 2292 947 2346 orbam
978 2292 1207 2344 Latonia
1236 2292 1428 2361 proles>‚

217 2383 323 2419 non
352 2373 529 2418 tamen
558 2363 695 2417 hanc
725 2363 891 2417 siccas
922 2363 1075 2416 iussit
1104 2362 1300 2415 habere
1329 2381 1510 2431 genaS.

145 2446 228 2492 est
257 2435 478 2505 aliquid,
508 2435 670 2489 fatale
699 2435 898 2488 malum
929 2453 1024 2504 per
1055 2433 1217 2487 verba
1246 2434 1445 2486 levare:

218 2507 319 2560 hoc
347 2507 622 2576 querulam
651 2506 902 2576 Prognen
934 2505 1353 2574 Halcyonenque
1384 2503 1533 2565 facit3
1889 2520 1944 2559 co

149 2578 250 2632 hoc
279 2587 417 2641 erat,
443 2578 498 2631 in
526 2577 703 2648 gelido
734 2595 898 2646 quare
929 2576 1218 2629 Poeantius
1249 2585 1399 2627 antro

220 2667 351 2703 voce
380 2648 627 2719 fatigaret
656 2648 884 2701 Lemnia
914 2667 1042 2700 saxa
1073 2667 1186 2700 sua.

148 2720 445 2790 strangulat
472 2719 707 2772 inclusus
737 2719 886 2772 dolor
915 2729 1072 2787 atque
1103 2726 1372 2771 coaestuat
1402 2717 1559 2778 intua

223 2791 430 2862 cogitur
459 2798 509 2843 et
539 2790 677 2843 vires
707 2789 1054 2858 multiplicare
1087 2808 1226 2841 suaS.

151 2861 222 2917 da
249 2861 482 2924 veniam,
511 2860 687 2931 potius
717 2861 803 2913 vel
832 2869 970 2912 totos
999 2860 1123 2912 tolle
1153 2859 1374 2919 libellos,
1894 2875 1947 2913 65

223 2932 291 2996 si,
322 2931 452 2985 mihi
480 2931 624 3000 quod
652 2931 891 3001 prodest,
922 2931 1022 2983 hoc
1052 2930 1173 2992 tibi,
1202 2930 1390 2991 lector,
1421 2928 1588 2982 obest.

153 3003 250 3059 sed
276 3021 376 3057 nec
406 3002 592 3056 obesse
622 3010 819 3072 potest,
849 3001 943 3054 ulli
971 3019 1070 3054 nec
1101 3000 1295 3069 scripta
1322 2999 1539 3054 fuerunt

223 3083 406 3128 nostra
434 3073 535 3127 nisi
564 3072 767 3126 auctori
796 3072 1090 3143 perniciosa
1121 3089 1233 3124 suo.

157 3151 236 3199 ‘at
262 3146 403 3198 mala
432 3144 588 3198 sunt.’
653 3144 838 3198 fateor.
906 3143 1023 3213 quis
1054 3152 1105 3196 te
1135 3142 1275 3195 mala
1305 3160 1512 3195 sumere
1545 3141 1719 3212 cogit?

227 3225 317 3270 aut
346 3214 463 3286 quis
494 3215 774 3286 deceptum
803 3233 996 3286 ponere
1029 3222 1239 3284 sumpta
1269 3213 1445 3266 vetat?
1901 3230 1954 3269 70

132 3285 272 3357 «ipse
299 3305 397 3341 nec
426 3286 526 3340 hoc
555 3287 772 3350 mand03
803 3286 920 3349 sed,
951 3295 1010 3338 ut
1029 3285 1160 3338 hinc
1191 3284 1442 3347 deducta,
1473 3285 1742 3354 legantur:

228 3374 335 3411 11011
365 3367 485 3411 sunt
514 3357 603 3411 illa
632 3376 729 3411 suo
762 3357 1063 3432 barbariora
1091 3357 1226 3409 loco.

159 3445 257 3482 nec
285 3446 370 3482 me
400 3428 573 3482 Roma
601 3429 709 3482 suis
739 3429 898 3484 debet
927 3427 1164 3481 conferre
1194 3427 1391 3496 poetis:

229 3498 364 3552 inter
395 3498 736 3554 Sauromatas
765 3499 1072 3570 ingeniosus
1104 3517 1264 3553 eram.

60 2518 86 2529 x
