2158 3906
494 353 583 398 EX
613 352 830 400 PONTO
859 351 981 397 LIB.
1013 351 1076 397 11.
1108 352 1192 410 IV,
1224 351 1368 410 1-V,
1399 352 1470 397 50.

41 450 48 468 ‘
128 475 253 512 nam
283 454 475 515 fuerim
506 455 748 524 quamvis
778 455 985 508 modico
1015 453 1111 507 tibi
1140 453 1350 508 iunctus
1381 454 1448 507 ab
1480 472 1596 517 usu,

202 526 390 583 diceris
421 525 589 580 exiliis
620 525 906 579 indoluisse
938 525 1092 588 meis3

28 594 49 669 ἶ
129 597 396 666 missaque
425 595 494 650 ab
524 595 738 650 Euxino
769 598 972 666 legeres
1005 615 1127 649 cum
1157 595 1391 649 carmina
1419 595 1611 660 Pont0,

200 668 289 722 illa
319 677 442 720 tuus
470 666 604 721 iuvit
633 666 1039 736 qualiacumque
1070 668 1243 728 favor3

130 737 427 810 optastique
458 737 674 792 brevem
706 737 837 791 salvi
867 737 997 789 mihi
1029 736 1274 790 Caesaris
1305 737 1453 801 iram,

201 808 345 879 quod
374 817 550 863 tamen
581 808 776 879 optari,
807 807 851 861 si
881 808 1035 871 sciat,
1067 808 1178 878 ipse
1211 809 1362 861 sinat.

129 879 364 935 moribus
393 878 495 935 ista
524 879 627 932 tuis
658 888 765 932 tam
797 878 943 932 mitia
974 888 1097 932 vota
1126 878 1332 943 dedisti,

201 968 299 1006 nec
330 950 503 1010 minus
532 949 727 1004 idcirco
758 959 881 1003 sunt
912 969 975 1003 ea
1003 960 1156 1021 grata
1183 948 1328 1002 mihi.

129 1039 343 1093 quoque
374 1020 544 1092 magis
575 1039 821 1076 moveare
852 1021 1026 1084 malie,
1059 1021 1383 1084 doctissime,
1416 1021 1623 1086 nostris,

202 1091 452 1148 credibile
481 1101 562 1146 est
590 1092 703 1146 fieri
733 1091 1038 1146 condicione
1068 1091 1186 1145 loci.

0 1154 3 1171 ⁴
41 1151 61 1207 ὲ
130 1164 221 1219 vix
254 1162 354 1218 hac
383 1162 620 1219 invenies
651 1172 845 1228 totum,
876 1163 1005 1216 mihi
1036 1162 1213 1225 crede,
1282 1181 1339 1217 er
1369 1162 1569 1225 orbem,

202 1252 339 1304 quae
369 1234 543 1288 minus
573 1235 825 1305 Augusta
854 1252 984 1305 pace
1015 1234 1221 1287 fruatur
1288 1252 1460 1286 umus.

0 1306 4 1365 ’ξ
129 1314 191 1361 tu
219 1315 398 1359 tamen
428 1304 515 1360 hic
544 1314 771 1359 structos
801 1304 937 1358 inter
972 1304 1085 1358 fera
1115 1303 1313 1375 proelia
1343 1322 1525 1358 VOI'SUS

203 1385 255 1431 et
284 1375 417 1460 legis
448 1385 501 1431 et
530 1376 693 1430 lectos
725 1394 815 1430 ore
845 1375 1057 1429 favente
1087 1374 1298 1445 probas,

2 1445 5 1525 J
47 1445 51 1450 ’
128 1448 450 1519 ingenioque
479 1465 622 1510 me0,
653 1466 790 1501 vena
818 1446 962 1529 quod
990 1464 1223 1516 paupere
1254 1455 1449 1509 manat,

202 1518 412 1589 plaudis
443 1526 495 1572 et
525 1537 554 1572 e
584 1517 696 1571 rivo
725 1518 945 1570 flumina
974 1535 1170 1586 magna
1198 1515 1347 1569 facis.

4 1594 6 1603 “
32 1581 40 1586 ”
128 1599 285 1661 grata
314 1588 528 1659 quidem
558 1596 681 1642 sunt
710 1587 842 1641 haec
873 1587 1047 1640 animo
1079 1586 1334 1657 suffragia
1364 1597 1561 1651 nostr0‚

201 1660 292 1714 vix
322 1658 422 1714 sibi
452 1677 575 1713 cum
602 1658 821 1713 miseros
852 1676 1005 1729 posse
1036 1658 1244 1729 placere
1275 1667 1472 1728 putem.

29 1766 69 1775 --
131 1732 260 1785 dum
289 1739 467 1784 tamen
491 1729 550 1791 ,in
581 1729 740 1784 rebus
770 1738 1088 1800 temptamus
1119 1728 1354 1782 carmina
1382 1728 1578 1800 parvis,

201 1801 454 1856 materiae
482 1800 667 1872 gracili
697 1800 893 1855 sufficit
922 1799 1211 1883 ingenium.

56 1925 60 1932 .
128 1891 323 1944 nuper,
353 1881 414 1926 ut
442 1870 548 1927 huc
577 1872 758 1943 magni
788 1882 1028 1943 pervenit
1058 1870 1202 1924 fama
1232 1869 1501 1942 triumphi,

203 1962 365 1998 ausus
395 1961 515 1997 sum
545 1951 723 1997 tantae
754 1961 960 1997 sumere
990 1942 1144 1995 molis
1176 1960 1334 2012 opus:

35 2006 41 2022 ³
67 2023 70 2027 ’
128 2014 309 2069 obruit
338 2013 622 2072 audentem
651 2033 828 2068 rerum
856 2013 1197 2085 gravitasque
1228 2012 1489 2082 nitorque,

202 2104 302 2140 nec
331 2084 480 2156 potui
510 2085 683 2156 coepti
712 2084 949 2168 pqndera
976 2084 1115 2138 ferre
1146 2083 1265 2137 mei.

27 2163 46 2235 j
70 2150 73 2151 ⁷
128 2156 238 2211 illic
268 2175 432 2226 quam
459 2155 669 2219 laudes,
701 2164 799 2210 er1t
828 2155 1065 2209 officiosa
1094 2155 1359 2209 voluntas:

205 2237 380 2282 cetera
409 2227 630 2286 materia
660 2226 933 2281 debilitata
960 2227 1150 2280 iacent.

35 2285 44 2369 J
127 2298 227 2369 qui
257 2298 301 2352 si
331 2298 466 2353 forte
496 2298 630 2352 liber
659 2307 859 2352 vestras
890 2296 1129 2368 pervenit
1159 2296 1227 2350 ad
1257 2314 1427 2359 aures,

205 2369 450 2432 tutelam,
481 2369 700 2433 mandO,
732 2368 923 2423 sentiat
953 2368 1040 2422 ille
1070 2378 1232 2422 tuam.

59 2446 65 2452 ”
115 2440 235 2495 ·hoc
263 2439 360 2494 tibi
389 2439 620 2505 facture,
652 2439 736 2494 vel
767 2440 812 2493 si
839 2457 945 2493 non
975 2439 1087 2510 ipse
1117 2457 1377 2510 rogarem,

58 2549 81 2566 ,-
204 2510 423 2566 accedat
452 2512 695 2565 cumulus
725 2511 898 2583 gratia
926 2520 1105 2564 nostra
1134 2510 1282 2563 levis.

130 2601 241 2637 non
270 2601 371 2654 ego
400 2581 722 2647 laudandus,
753 2582 847 2637 sed
878 2591 999 2636 sunt
1027 2590 1119 2635 tua
1148 2590 1385 2653 pectora,
1415 2580 1551 2636 lacte

205 2662 258 2708 et
285 2671 394 2707 non
423 2653 626 2708 calcata
655 2653 960 2708 candidiora
989 2653 1133 2706 nive:

56 2771 66 2797 .-
132 2725 444 2794 mirarisque
474 2724 628 2788 alios,
659 2743 782 2778 cum
813 2725 883 2778 sis
912 2724 1167 2777 mirabilis
1197 2724 1326 2794 ipse,

205 2813 304 2850 nec
334 2795 532 2849 lateant
561 2803 698 2849 artes
729 2794 1102 2864 eloquiumque
1132 2803 1299 2847 tuum.

131 2874 188 2921 *te
216 2867 470 2920 iuvenum
499 2865 769 2936 princeps,
801 2865 886 2919 cui
917 2865 1006 2918 dat
1038 2863 1329 2918 Germania
1357 2883 1565 2931 nomen,

206 2936 516 3008 participem
546 2936 708 2989 studii
739 2934 939 2989 Caesar
967 2935 1163 2989 habere
1194 2936 1341 2989 solet.

64 3075 66 3078 J
91 3045 93 3048 -
136 3017 195 3061 tu
224 3026 400 3062 comes
431 3006 702 3076 antiquus,
733 3015 791 3060 tu
820 3006 1002 3077 primis
1031 3006 1241 3059 iunctus
1272 3000 1340 3059 ab
1371 3005 1538 3070 anniS‚

206 3078 418 3149 ingenio
447 3096 620 3134 mores
651 3077 1047 3148 aequiperante,
1079 3077 1271 3147 places.

134 3157 190 3204 te
219 3149 427 3203 dicente
494 3149 602 3203 rius
632 3148 692 3201 fit
721 3148 959 3219 protinus
990 3148 1218 3218 impetus
1248 3147 1346 3200 illi:

209 3229 367 3290 teque
397 3219 466 3273 ha
505 3229 580 3284 et,
611 3219 788 3274 elicias
818 3219 911 3288 qui
941 3238 1038 3273 sua
1067 3218 1230 3273 verba
1259 3218 1380 3272 tuis.

135 3308 261 3344 cum
289 3299 350 3344 tu
379 3290 559 3345 desisti
588 3290 935 3360 mortaliaque
965 3308 1057 3343 ora
1086 3289 1334 3360 quierunt

211 3360 456 3430 dictaque
484 3380 592 3415 non
621 3362 781 3433 longa
810 3361 1107 3415 conticuere
1138 3379 1302 3425 mora,

137 3431 310 3502 surgit
337 3431 487 3486 Iuleo
517 3432 721 3487 iuvenis
753 3433 1065 3503 cognomine
1097 3432 1308 3502 dignuS,

210 3500 381 3572 qualis
412 3502 479 3554 ab
510 3501 637 3557 Eois
668 3504 888 3558 Lucifer
918 3512 1062 3557 ortus
1092 3503 1259 3574 aquis.

226 3583 337 3620 Ovidii
348 3584 410 3620 vol.
426 3584 494 3619 ΙΙΙ.
1508 3586 1565 3628 16

1736 340 1838 394 241

1875 685 1928 723 10

1874 1040 1925 1079 15

1874 1393 1928 1431 20

1875 1745 1928 1784 25

1875 2100 1930 2140 30

1875 2456 1927 2496 35

1874 2814 1929 2853 40

1875 3167 1929 3204 45

1877 3521 1932 3559 50
