2158 3906
499 369 813 416 TRISTIUM
841 369 963 414 Lm.
994 369 1033 414 1.
1065 368 1149 427 VI,
1181 369 1426 428 11-v111,
1457 370 1526 415 18.

158 481 219 527 ut
256 489 324 525 ue
354 487 615 524 cremasse
646 489 801 523 suum
831 470 998 523 fertur
1027 470 1127 524 sub
1158 470 1330 541 stipite
1359 478 1542 524 natum

282 540 475 595 bestias
507 549 559 594 et
588 541 774 594 melior
800 551 968 594 matre
998 540 1160 594 fuisse
1192 559 1354 605 soror,

160 612 238 666 sic
267 629 368 682 ego
397 629 505 664 non
533 611 745 664 meritos
775 630 986 666 mecum
1015 612 1249 682 peritura
1278 613 1481 666 libellos

231 681 459 753 imposui
489 681 686 752 rapidis
717 682 920 735 viscera
949 692 1129 736 nostra
1158 683 1324 754 rogis:

161 753 246 808 vel
275 753 417 822 quod
446 771 590 806 eram
619 752 832 815 Musas,
863 762 923 806 ut
953 754 1171 807 crimina
1201 763 1404 818 nostra,
1435 773 1677 826 perosus,

231 824 316 878 vel
346 823 490 893 quod
520 823 693 876 adhuc
725 842 963 877 crescens
995 835 1047 877 et
1078 825 1208 878 rude
1239 844 1452 879 carmen
1481 837 1608 880 erat.

158 913 296 965 quae
326 893 578 963 quoniam
607 912 714 946 non
745 904 867 948 sunt
895 895 1105 965 penitus
1136 895 1368 960 sublata,
1399 897 1494 950 sed
1524 907 1721 961 extant,

229 965 469 1036 pluribus
500 965 754 1035 exemplis
786 966 980 1036 scripta
1008 965 1172 1019 fuisse
1202 985 1333 1020 reor.

139 1054 300 1090 nunc
329 1054 537 1107 precor,
568 1046 628 1089 ut
657 1036 838 1089 vivant
868 1047 920 1090 et
948 1055 1056 1089 non
1084 1038 1280 1108 ignava
1308 1038 1573 1108 legentem

231 1107 338 1160 otia
368 1107 628 1161 delectent
658 1107 1079 1176 admoneantque
1110 1108 1230 1161 mei.

157 1196 257 1232 nec
287 1187 464 1231 tamen
493 1178 582 1230 illa
611 1178 718 1248 legi
747 1188 993 1248 poterunt
1024 1175 1282 1248 patienter
1311 1179 1379 1231 ab
1409 1180 1534 1241 ullo,

229 1248 429 1312 nesciet
456 1247 538 1301 his
569 1267 830 1301 summam
861 1249 903 1301 si
935 1249 1051 1316 quis
1083 1249 1266 1301 abesse
1297 1268 1528 1301 manum.

0 1290 1 1324 ᾖ
59 1316 63 1317 ’
155 1318 394 1372 ablatum
422 1318 608 1401 mediis
639 1337 772 1401 opus
804 1328 880 1372 est
911 1318 1191 1371 incudibus
1220 1319 1367 1382 illud,

229 1388 396 1444 defuit
427 1398 479 1443 et
509 1399 713 1459 scnptis
743 1390 928 1442 ultima
956 1390 1082 1441 lima
1111 1389 1258 1442 meis.

153 1468 210 1514 et
239 1460 448 1514 veniam
477 1478 573 1530 pro
603 1460 760 1513 laude
791 1470 938 1529 pet0‚
969 1459 1214 1513 laudatus
1246 1459 1473 1523 abunde,

227 1549 333 1584 non
362 1530 626 1584 fastiditus
659 1530 703 1583 si
732 1530 849 1594 tibi,
880 1531 1066 1592 lector,
1100 1549 1205 1584 ero·

155 1601 250 1655 hos
281 1615 492 1671 quoque
522 1620 617 1654 sex
647 1619 852 1664 versus,
884 1601 938 1653 in
968 1601 1137 1671 prima
1167 1601 1338 1655 fronte
1368 1602 1531 1656 libelli

229 1672 273 1726 si
301 1671 701 1743 praeponendos
733 1690 847 1725 esse
878 1672 1112 1742 putabis,
1143 1671 1303 1726 habe:

153 1743 310 1797 ‘orba
338 1751 554 1815 parente
585 1760 682 1796 suo
712 1743 1035 1812 quicumque
1065 1744 1335 1796 volumina
1364 1745 1555 1815 tangiS,

224 1813 306 1868 his
336 1814 522 1868 saltem
551 1823 726 1868 vestra
757 1814 909 1868 detur
938 1814 992 1867 in
1022 1814 1154 1869 urbe
1183 1814 1354 1868 locusl

12 1865 13 1877 ἵ
60 1908 64 1914 ’
151 1902 365 1955 quoque
394 1884 564 1967 magis
595 1885 799 1938 faveas:
832 1884 962 1938 haec
994 1903 1098 1938 non
1129 1896 1252 1939 sunt
1280 1886 1419 1940 edita
1451 1887 1518 1939 ab
1549 1887 1682 1958 ipso,

227 1956 320 2010 sed
350 1974 503 2025 quasi
532 1955 598 2010 de
629 1956 826 2008 domini
857 1956 1042 2010 funere
1072 1967 1223 2027 rapta
1253 1957 1350 2010 sui.

152 2026 408 2096 quicquid
437 2027 492 2079 in
521 2025 602 2080 his
632 2026 794 2096 igitur
823 2026 936 2079 vitii
965 2027 1095 2080 rude
1127 2045 1339 2081 carmen
1369 2028 1602 2091 habebit,

227 2098 625 2160 emendaturus,
657 2096 703 2150 si
731 2097 986 2160 licuisset,
1019 2098 1195 2151 eram.’

926 2211 1083 2265 VIII.

152 2310 219 2364 In
249 2318 409 2381 caput
437 2310 544 2364 alta
574 2329 731 2363 suum
759 2311 1004 2364 labentur
1034 2311 1102 2363 ab
1134 2329 1361 2380 aequore
1391 2322 1531 2365 retro

223 2380 463 2445 flumina,
494 2381 760 2434 conversis
792 2380 988 2450 Solque
1019 2392 1252 2435 recurret
1282 2382 1448 2450 equis,

151 2460 290 2506 terra
309 2451 451 2505 <feret
481 2452 683 2515 stellas,
718 2452 923 2506 caelum
953 2453 1181 2506 findetur
1210 2464 1399 2515 aratr0‚

222 2522 366 2576 unda
396 2522 542 2576 dabit
570 2523 808 2577 flammas
839 2532 892 2576 et
922 2523 1068 2576 dabit
1096 2524 1235 2593 ignis
1267 2542 1432 2593 aquas
1443 2545 1457 2587 3

152 2593 330 2647 onmia
357 2602 578 2648 naturae
607 2603 948 2665 praepostera
977 2594 1184 2665 legibus
1215 2595 1385 2658 ibunt,

222 2681 448 2735 parsque
479 2684 635 2718 suum
662 2665 847 2718 mundi
876 2666 1020 2719 nulla
1051 2666 1249 2719 tenebit
1278 2666 1400 2719 iter:

151 2735 330 2788 omnia
357 2735 464 2788 iam
493 2736 644 2797 fient,
674 2735 787 2790 fieri
817 2754 954 2805 quae
983 2755 1139 2806 posse
1169 2737 1449 2806 negabam,

224 2814 276 2860 et
302 2805 434 2859 nihil
463 2815 567 2869 est,
598 2806 664 2859 de
695 2824 799 2875 quo
830 2826 937 2859 non
967 2807 1033 2859 sit
1063 2807 1309 2861 habenda
1337 2809 1484 2861 fides.

151 2875 283 2931 haec
313 2894 414 2947 ego
443 2877 724 2940 vaticinor,
754 2877 880 2945 quia
909 2896 1026 2930 sum
1057 2878 1309 2948 deceptus
1340 2879 1408 2931 ab
1437 2878 1544 2942 illo,

221 2948 453 3001 laturum
482 2947 673 3001 misero
703 2965 862 3016 quem
891 2947 1020 3000 mihi
1050 2949 1204 3001 rebar
1234 2967 1406 3019 opem.

150 3027 367 3072 tantane
397 3027 471 3082 te,
501 3018 689 3081 fallax,
721 3037 906 3088 cepere
937 3018 1132 3071 oblivia
1161 3020 1341 3082 nostri,

224 3089 587 3158 afflictumque
617 3089 719 3142 fuit
748 3098 925 3142 tantus
956 3090 1100 3143 adire
1130 3090 1300 3153 timor,

152 3168 214 3213 ut
241 3177 412 3229 neque
441 3161 727 3231 respiceres
756 3179 856 3214 nec
886 3161 1112 3214 solarere
1141 3161 1417 3225 iacentem,

225 3230 378 3294 dure,
408 3249 579 3299 neque
611 3232 859 3300 exequias
889 3250 1266 3302 prosequerere
1296 3234 1474 3286 meas?

153 3299 284 3354 illud
312 3301 571 3356 amicitiae
602 3312 842 3356 sanctum
872 3321 934 3356 ac
963 3303 1262 3357 venerabile
1292 3322 1487 3358 nomen

225 3389 282 3425 re
310 3371 407 3425 tibi
434 3391 529 3443 pro
560 3373 650 3426 vili
681 3374 779 3426 sub
809 3373 1139 3444 pedibusque
1168 3374 1336 3428 iacet?

91 3473 94 3476 ·
152 3441 286 3510 quid
312 3442 435 3505 fuit,
465 3443 665 3514 ingenti
694 3454 1014 3514 prostratum
1042 3445 1179 3498 mole
1211 3446 1444 3500 sodalem

227 3511 394 3566 visere
426 3522 478 3566 et
507 3515 738 3584 adloquii
765 3524 913 3585 parte
942 3516 1118 3569 levare
1147 3516 1241 3580 tui,

244 3593 352 3630 Om‘dt‘t'
369 3595 431 3630 vol.
447 3595 516 3631 HI.
1547 3600 1575 3643 9

1767 359 1870 413 129

1900 702 1955 743 20

1898 1056 1951 1096 25

1897 1408 1952 1449 80

1895 1763 1949 1803 35

1892 2121 1950 2160 40

1892 2969 1944 3007 10

1891 3324 1942 3362 15
