2158 3906
495 378 584 424 Ex
612 377 830 427 PONTO
859 379 983 426 Lm.
1015 379 1103 426 111.
1133 380 1174 439 1,
1205 363 1409 438 129—11,
1437 381 1510 427 48.
1755 367 1861 423 255

149 497 376 550 cumque
407 480 587 535 labent
616 481 779 551 aliqui
807 482 1106 553 iactataque
1135 483 1254 538 vela
1282 483 1596 554 relinquant,
1891 500 1919 538 5

37 604 64 617 .
219 560 279 605 tu
308 551 514 606 lacerae
544 570 797 607 remanes.
816 572 1010 608 ancora
1039 554 1151 608 sola
1179 554 1295 607 rati.

147 630 301 695 grata
330 631 424 675 tua
453 631 534 676 est
563 622 726 692 igitur
755 624 940 694 pietas.
1015 625 1338 695 ignoscimus
1367 625 1488 689 illis,

219 692 313 762 qui
341 711 463 747 cum
493 693 706 747 fortuna
734 703 885 764 terga
916 695 1108 750 dedere
1138 696 1316 766 fugae.

149 781 271 819 cum
300 763 492 818 feriant
521 782 710 826 unum,
742 783 848 818 non
879 784 1043 819 unum
1074 767 1296 820 fulmina
1326 775 1537 830 terrent,

217 833 502 903 iunctaque
533 853 782 904 percusso
813 836 970 890 turba
998 856 1193 907 pavere
1225 838 1372 891 solet.
1893 853 1951 894 10

149 923 375 974 cumque
406 904 551 969 dedit
579 906 752 976 paries
783 916 1036 961 venturae
1068 909 1221 978 signa
1249 908 1449 971 ruinae,

65 1023 67 1026 .
219 975 439 1030 sollicito
471 994 671 1029 vacuus
701 977 760 1030 fit
789 977 937 1032 locus
967 979 1054 1034 ille
1086 990 1246 1033 metu.

0 1072 3 1094 τ
28 1050 30 1055 ’
62 1075 63 1078 “
147 1047 265 1119 quis
295 1065 402 1100 non
433 1065 462 1101 e
493 1046 688 1101 timidis
720 1049 866 1119 aegri
896 1050 1139 1132 contagia
1169 1051 1316 1110 vitat,

30 1128 34 1139 '
219 1117 449 1172 vicinum
478 1127 720 1173 metuens
750 1138 817 1173 ne
847 1120 1021 1174 trahat
1050 1121 1172 1175 mde
1203 1121 1434 1173 malum?

146 1207 231 1244 me
263 1206 474 1259 quoque
505 1189 795 1244 amicorum
824 1191 986 1244 nimio
1017 1201 1215 1246 terrore
1244 1202 1514 1261 metuque,
1892 1207 1949 1249 15

216 1278 323 1314 non
353 1260 498 1323 odic,
529 1261 745 1329 quidam
777 1262 1059 1317 destituere
1089 1263 1210 1316 mei.

145 1348 252 1386 non
281 1330 384 1385 illis
414 1331 606 1402 pietas,
637 1350 744 1385 non
775 1333 1012 1387 officiosa
1040 1333 1286 1386 voluntas

219 1401 410 1456 defuit:
442 1402 692 1456 adversos
724 1404 1012 1458 extimuere
1044 1404 1188 1458 deos.

145 1483 310 1543 utque
338 1473 511 1544 magis
543 1474 681 1527 cauti
710 1474 913 1544 possint
943 1475 1218 1544 timidique
1249 1473 1434 1538 videri,

218 1544 291 1597 sic
323 1544 579 1615 appellari
607 1562 714 1598 non
743 1564 980 1599 meruere
1012 1545 1153 1598 mali.
1890 1562 1950 1603 20

145 1624 236 1670 aut
266 1634 415 1669 meus
447 1624 664 1669 excusat
694 1633 843 1669 caros
872 1616 947 1669 ita
977 1616 1175 1669 candor
1205 1615 1418 1677 amicos,

216 1695 381 1755 utque
411 1684 642 1740 habeant
671 1686 738 1740 de
766 1705 851 1741 me
883 1686 1102 1741 crimina
1131 1686 1301 1749 nulla,
1332 1686 1509 1739 favet?

146 1756 250 1811 sint
278 1756 334 1810 hi
362 1756 592 1811 contenti
623 1756 801 1821 venia,
833 1758 1149 1827 scierintque
1179 1757 1376 1819 licebit,

215 1827 434 1899 purgari
463 1828 662 1882 factum
693 1848 777 1883 me
808 1847 1019 1899 quoque
1050 1839 1183 1883 teste
1215 1847 1387 1882 suum.

144 1917 266 1971 pars
298 1898 422 1953 estis
491 1899 610 1953 auci
639 1900 845 1963 melior,
876 1901 968 1970 qui
998 1901 1155 1954 rebus
1186 1900 1239 1953 in
1272 1899 1397 1952 artis
1889 1918 1946 1958 25

215 1970 353 2025 ferre
382 1918 512 2023 mihi
541 1971 741 2024 nullam
769 1981 923 2042 turpe
953 1971 1177 2042 putastis
1209 1990 1380 2041 opem.

144 2049 271 2095 tunc
299 2040 462 2111 igitur
490 2041 663 2095 meriti
691 2042 942 2096 morietur
969 2042 1141 2113 gratia
1170 2041 1348 2103 vestri,

28 2175 29 2178 Ἴ
217 2131 336 2165 cum
368 2112 498 2166 cinis
529 2112 810 2183 absumpto
841 2132 930 2167 cor
970 2132 1059 2167 ore
1090 2113 1261 2166 factus
1293 2129 1382 2165 ero
1409 2141 1485 2152 —

0 2198 3 2206 ’
27 2197 33 2215 ⁴
58 2215 66 2241 ς
145 2182 324 2246 fallor,
356 2191 409 2237 et
437 2183 527 2236 illa
556 2203 706 2238 meae
737 2132 1007 2255 superabit
1035 2194 1142 2237 tem
1183 2202 1274 2237 ora
1303 2183 1460 2246 vitae,

0 2271 4 2328 j
218 2254 261 2307 si
290 2263 467 2309 tamen
498 2274 529 2307 a
558 2255 778 2308 memori
808 2256 1110 2325 posteritate
1161 2274 1304 2325 egar.
1887 2274 1947 2314 30

0 2355 28 2388 ι,
62 2339 65 2345 ’
146 2342 366 2396 corpora
396 2325 656 2379 debentur
683 2327 896 2379 maestis
928 2326 1220 2396 exsanguia
1249 2325 1443 2395 bustis:

0 2455 1 2462 χ
26 2436 34 2449 ι,
55 2447 60 2467 3
217 2395 480 2467 effugiunt
510 2405 734 2450 structos
763 2416 956 2451 nomen
987 2398 1259 2466 honorque
1289 2414 1464 2466 rogos.

43 2486 61 2504 ²
145 2467 336 2521 occidit
366 2476 427 2521 et·
446 2460 686 2521 Theseus
718 2478 769 2522 et
799 2469 890 2538 qui
920 2468 1188 2522 comitavit
1220 2465 1474 2521 Oresten:

217 2539 310 2593 sed
339 2547 517 2593 tamen
546 2539 601 2592 in
629 2540 814 2593 laudes
844 2540 973 2593 vivit
1003 2549 1225 2608 uterque
1256 2557 1395 2592 suas·

36 2621 60 2652 ν)
146 2626 240 2663 vos
270 2610 429 2663 etiam
459 2610 561 2664 seri
589 2610 883 2664 laudabunt
913 2630 1071 2681 saepe
1101 2621 1338 2681 nepotes,
1885 2629 1942 2668 35

218 2681 463 2750 claraque
495 2681 591 2734 erit
622 2682 828 2752 scriptis
859 2682 1028 2753 gloria
1058 2692 1233 2735 vestra.
1261 2680 1409 2735 meis.

145 2751 232 2805 hic
263 2769 474 2821 quoque
507 2750 853 2807 Sauromatae
882 2754 989 2806 iam
1018 2771 1113 2806 vos
1143 2771 1337 2805 novere
1370 2750 1667 2821 Getaeque,

218 2831 268 2876 et
300 2822 430 2876 tales
461 2822 664 2875 animos
694 2824 920 2876 barbara
948 2824 1105 2876 turba
1134 2823 1339 2892 probat.

147 2911 374 2962 cumque
404 2910 504 2963 ego
536 2893 600 2946 de
631 2903 806 2947 vestra
834 2913 1004 2964 nuper
1033 2894 1294 2964 probitate
1323 2892 1576 2946 referrem

217 2963 365 3032 (nam
397 2963 557 3017 didici
587 2962 775 3018 Getice
808 2963 1206 3033 Sarmaticeque
1234 2963 1421 3032 loqui),
1884 2983 1945 3021 40

147 3035 282 3089 forte
313 3054 473 3088 senex
505 3034 742 3103 quidam,
775 3050 928 3089 coetu
957 3054 1079 3089 cum
1110 3044 1270 3087 staret
1299 3035 1355 3086 in
1382 3034 1491 3098 illo,

218 3105 446 3160 reddidit
474 3106 543 3158 ad
571 3115 777 3159 nostros
807 3107 932 3160 talia
961 3106 1125 3161 verba
1155 3123 1334 3158 sonos:

149 3182 270 3230 ‘nos
300 3195 513 3246 quoque
544 3177 804 3231 amicitiae
833 3196 1050 3240 nomen,
1080 3177 1245 3239 bone,
1274 3177 1543 3240 novimuS,
1574 3177 1782 3249 hospes,

48 3293 59 3314 A,
219 3266 351 3318 quos
380 3249 565 3320 procul
596 3268 628 3302 a
657 3249 808 3302 vobis
837 3249 1043 3302 Pontus
1075 3257 1126 3302 et
1156 3247 1341 3301 Hister
1371 3247 1547 3301 habet..

6 3339 11 3347 ·
150 3327 228 3373 est
255 3320 402 3373 locus
431 3320 487 3372 in
518 3318 766 3390 Scythia,
795 3351 868 3358 —
895 3320 1102 3373 Tauros
1133 3319 1312 3372 dixere
1342 3319 1542 3389 priores
1570 3350 1643 3359 --
1888 3338 1946 3375 45

56 3390 66 3450 ζ
221 3390 312 3459 qui
344 3388 535 3445 Getica
563 3391 722 3462 longe
752 3410 858 3445 non
887 3392 962 3445 ita
991 3391 1148 3446 distat
1178 3390 1357 3443 humo·

149 3459 381 3531 hac'ego
417 3480 534 3514 sum
564 3471 702 3516 terra
728 3492 801 3501 —
828 3463 1029 3534 patriae
1058 3480 1157 3515 nec
1184 3462 1418 3532 paenitet
1443 3492 1518 3501 —
1546 3471 1713 3516 ortus:

51 3532 65 3573 ἒ
225 3540 520 3586 consortem
549 3532 756 3588 Phoebi
785 3552 917 3605 gens
948 3533 1073 3589 colit
1101 3533 1192 3587 illa
1222 3532 1392 3588 deam.
