2158 3906
327 294 432 348 240
560 304 578 326 ⁸
882 302 937 345 P.
972 299 1179 346 OVIDII
1208 298 1478 345 NASONIS

1128 441 1227 497 IV.

333 548 538 616 Accipe
571 543 907 611 conloquium
938 542 1114 612 gelido
1144 541 1373 594 Nasonis
1404 541 1472 594 ab
1505 542 1706 604 Histro,
1766 540 2040 586 ATTICO·

405 617 609 678 Attice,
640 614 834 667 iudicio
865 631 972 665 non
1004 612 1291 665 dubitande
1322 631 1456 665 meo.

335 687 525 756 ecquid
556 686 729 738 adhuc
759 703 998 738 remanes
1029 701 1231 736 memor
1260 683 1482 736 infelicis
1514 683 1684 747 amici,

406 757 597 811 deserit
629 776 697 809 an
727 756 891 825 partis
922 754 1173 824 languida
1204 772 1329 807 cura
1359 755 1511 807 suas?

274 846 301 886 5
333 847 439 881 non
470 829 542 880 ita
573 827 627 880 di
655 827 784 879 mihi
817 835 940 879 sunt
968 826 1166 888 tristes,
1196 833 1257 877 ut
1284 825 1497 878 credere
1527 825 1725 895 possim

403 899 590 967 fasque
620 907 802 967 putem
832 897 939 949 iam
968 905 1019 949 te
1049 915 1156 949 non
1185 895 1484 949 meminisse
1516 896 1637 948 mei.

333 978 455 1023 ante
487 970 668 1021 oculos
699 978 904 1021 nostros
937 976 1073 1020 astat
1102 976 1195 1019 tua
1225 985 1431 1036 semper
1460 967 1653 1036 imagO,

405 1050 457 1093 et
487 1040 669 1092 videor
698 1040 876 1093 vultus
907 1046 1082 1091 mente
1113 1037 1291 1090 videre
1321 1047 1457 1090 tuos.

333 1112 468 1166 seria
497 1111 665 1163 multa
695 1110 823 1162 mihi
853 1118 1028 1163 tecum
1059 1109 1268 1161 conlata
1296 1109 1558 1170 recordor,

251 1201 304 1239 10
404 1200 503 1235 nec
535 1182 659 1235 data
689 1181 932 1234 iucundis
963 1190 1202 1250 tempora
1228 1197 1402 1249 pauca
1430 1179 1575 1232 iocis.

335 1272 491 1323 saepe
524 1253 657 1306 citae
688 1252 860 1322 longis
892 1252 1036 1304 visae
1068 1251 1397 1304 sermonibus
1427 1250 1604 1310 horae,

407 1343 563 1393 saepe
594 1323 693 1375 fuit
723 1323 955 1386 brevior,
987 1340 1147 1391 quam
1178 1341 1297 1375 mea
1326 1321 1511 1384 verba,
1544 1321 1670 1372 dies.

336 1414 491 1464 saepe
522 1403 638 1447 tuas
669 1395 814 1447 venit
842 1394 1043 1446 factum
1073 1393 1231 1445 modo
1262 1411 1474 1446 carmen
1504 1392 1573 1444 ad
1603 1391 1742 1443 auris

406 1476 456 1518 et
486 1483 625 1517 nova
654 1465 847 1517 iudicio
879 1465 1090 1517 subdita
1118 1464 1281 1516 Musa
1310 1473 1401 1516 tuo
1432 1473 1527 1516 est.

252 1552 303 1592 15
336 1537 478 1606 quod
507 1545 566 1588 tu
586 1536 864 1597 ‚lauda-ra&
894 1535 1090 1605 populo
1121 1534 1382 1604 placuisse
1412 1533 1690 1603 putabam:

403 1607 502 1660 hoc
533 1607 761 1677 pretium
792 1625 948 1658 curae
980 1605 1132 1658 dulce
1163 1605 1393 1674 regentis
1425 1614 1551 1657 erat.

331 1687 496 1746 utque
525 1696 675 1730 meus
704 1677 830 1729 lima
859 1696 1009 1729 rasus
1039 1676 1172 1728 liber
1203 1684 1341 1729 esset
1370 1675 1542 1737 amici,

403 1767 510 1801 non
542 1749 703 1801 semel
735 1747 1007 1800 admonitu
1037 1747 1179 1799 facta
1207 1746 1365 1799 litura
1393 1755 1486 1798 tuo
1518 1754 1612 1798 est.

331 1838 426 1874 nos
456 1819 572 1871 fora
602 1819 847 1871 viderunt
876 1818 1093 1887 pariter,
1124 1835 1219 1869 nos
1253 1817 1488 1887 porticus
1519 1815 1705 1878 omnis,

244 1906 301 1945 20
402 1909 499 1942 nos
530 1889 641 1952 via,
671 1907 767 1942 nos
797 1889 988 1941 iunctis
1021 1907 1183 1940 curva
1212 1888 1416 1940 theatra
1443 1887 1589 1939 locis.

332 1961 560 2028 denique
591 1968 767 2013 tantus
799 1978 947 2012 amor
975 1959 1152 2021 nobis,
1185 1958 1475 2020 carissime,
1508 1974 1731 2026 semper,

402 2040 631 2100 quantus
660 2031 716 2083 in
746 2030 983 2083 Aeacide
1014 2029 1401 2097 Nestorideque
1431 2028 1548 2080 fuit.

330 2121 436 2155 non
469 2121 593 2171 egO,
627 2102 671 2154 si
701 2102 910 2154 biberes
942 2119 1157 2154 securae
1188 2100 1379 2170 pocula
1408 2099 1626 2162 Lethes,

403 2174 643 2226 excidere
674 2172 805 2226 haec
836 2172 1048 2225 credam
1078 2182 1289 2241 pectore
1318 2189 1474 2241 posse
1504 2180 1613 2222 tuo·

246 2259 299 2299 25
330 2244 489 2315 longa
520 2244 631 2296 dies
663 2244 815 2296 citius
844 2243 1071 2296 brumali
1102 2242 1298 2305 sidere,
1328 2259 1540 2310 noxque

402 2315 601 2367 tardior
630 2315 850 2367 hiberna
880 2313 1167 2367 solstitialis
1199 2314 1312 2375 erit,

330 2404 428 2439 nec
458 2386 704 2455 Babylon
736 2395 965 2447 aestum,
995 2402 1093 2438 nec
1124 2384 1323 2454 frigora
1351 2383 1557 2436 Pontus
1587 2380 1820 2443 habebit,

403 2456 681 2523 calthaque
710 2455 1002 2508 Paestanas
1034 2455 1208 2507 vincet
1238 2455 1397 2507 odore
1427 2471 1590 2515 rosaS,

330 2545 491 2595 quam
523 2527 619 2578 tibi
648 2536 945 2579 nostrarum
975 2526 1189 2579 veniant
1218 2525 1414 2578 oblivia
1443 2543 1635 2577 rerum.

246 2612 302 2652 30
403 2617 509 2650 non
539 2597 613 2650 ita
642 2616 763 2666 pars
794 2598 891 2649 fati
921 2597 1145 2650 candida
1174 2597 1320 2648 nulla
1347 2594 1453 2648 mei
1483 2604 1576 2647 est.

330 2687 397 2721 ne
428 2678 607 2722 tamen
637 2668 768 2721 haec
799 2668 902 2720 dici
931 2667 1095 2738 possit
1124 2667 1318 2719 fiducia
1346 2666 1577 2718 mendax

403 2740 666 2807 stultaque
698 2739 978 2792 credulitas
1008 2747 1188 2790 nostra
1216 2737 1405 2799 fuisse,
1437 2755 1581 2799 cave,

332 2811 696 2878 constantique
726 2810 829 2863 fide
861 2819 1092 2863 veterem
1121 2817 1292 2861 tutare
1323 2808 1575 2869 sodalem,

401 2899 508 2949 qua
537 2881 659 2934 licet
689 2889 740 2934 et
770 2890 1028 2950 quantum
1056 2898 1164 2933 non
1194 2897 1445 2933 onerosus
1476 2896 1581 2932 ero,

1146 2994 1216 3048 V.

329 3091 558 3146 Condita
590 3094 884 3163 disparibus
915 3093 1146 3146 numeris
1178 3110 1277 3162 ego
1301 3092 1446 3145 Naso
1472 3090 1668 3145 Salano
1730 3090 1766 3132 S
1774 3087 1912 3132 ALA
1924 3087 1980 3130 N
1984 3087 2035 3130 0-

398 3165 697 3232 praeposita
726 3164 845 3216 misi
875 3165 1038 3217 verba
1069 3164 1236 3216 salute
1266 3180 1401 3216 meo.

328 3251 464 3301 quae
495 3244 609 3286 rata
640 3235 730 3297 sit,
761 3235 934 3304 cupio·
1008 3234 1271 3301 rebusque
1301 3242 1362 3285 ut
1392 3231 1725 3301 comprober,
1758 3247 1913 3283 omen

398 3314 450 3356 te
479 3323 666 3373 precor
696 3324 727 3357 a
758 3306 901 3357 salvo
932 3304 1121 3373 possit,
1154 3303 1342 3365 amice,
1372 3303 1493 3372 legi.

270 3392 295 3430 5
328 3374 544 3436 candor,
575 3375 630 3426 in
659 3375 760 3427 hoc
791 3392 921 3427 aevo
952 3393 1036 3427 res
1066 3375 1409 3426 intermortua
1438 3391 1622 3443 paene,

398 3444 583 3514 exigit,
614 3455 672 3497 ut
702 3444 894 3498 faciam
923 3445 1048 3497 talia
1079 3453 1225 3507 vota,
1257 3453 1395 3496 tuus.
