2158 3906
528 340 875 389 FASTORUM
904 342 1024 386 LIB.
1056 342 1118 386 11.
1150 341 1389 388 515—601.

185 451 424 528 expectet
453 461 612 514 puros
643 443 800 513 pinea
829 443 986 497 taeda
1016 443 1143 497 dies.

113 533 212 570 nec
240 514 359 578 tibi,
389 531 527 582 quae
558 514 782 584 cupidae
811 524 1017 567 matura
1047 514 1293 568 videbere
1323 513 1495 579 matri,

185 593 357 640 comat
387 584 652 655 virgineas
682 584 836 638 hasta
864 603 1085 638 recurva
1115 604 1308 639 comas.

115 656 281 712 conde
310 664 453 719 tuas,
484 656 820 724 Hymenaee,
851 655 995 708 faces
1026 665 1078 709 et
1108 656 1176 709 ab
1206 656 1419 727 ignibus
1451 654 1576 709 atris

185 725 356 782 aufer!
387 725 584 780 habent
614 726 743 779 alias
772 735 975 779 maesta
1005 727 1249 797 sepulcra
1278 727 1439 780 faces.

115 798 167 852 di
197 815 407 867 quoque
436 797 754 868 templorum
784 796 986 850 foribus
1017 799 1253 851 celentur
1282 797 1495 868 opertis,

183 878 299 922 ture
329 877 519 922 vacent
548 886 692 931 arae,
725 876 966 937 stentque
998 869 1109 922 sine
1139 869 1263 940 igne
1293 868 1415 921 foci.

112 958 253 995 nunc
283 938 489 993 animae
518 947 702 993 tenues
732 947 785 993 et
814 957 1035 1008 corpora
1063 939 1247 993 functa
1277 938 1529 1009 sepulcris

186 1018 384 1074 errant,
413 1029 556 1064 nunc
584 1010 755 1081 posito
785 1010 1020 1080 pascitur
1049 1011 1238 1064 umbra
1267 1011 1403 1063 cibe.

112 1100 211 1137 nec
241 1090 419 1135 tamen
448 1081 580 1134 haec
609 1080 770 1144 ultra,
801 1098 961 1149 quam
991 1090 1068 1134 tot
1098 1082 1163 1135 de
1193 1100 1374 1134 mense
1404 1079 1669 1151 supersint

184 1152 448 1215 Luciferi,
479 1160 608 1221 quot
637 1151 834 1205 habent
864 1152 1096 1204 carmina
1125 1161 1304 1204 nostra
1333 1151 1512 1221 pedes·

112 1223 274 1285 hanc,
304 1222 429 1291 quia
457 1222 595 1275 iusta
625 1222 826 1284 ferunt,
858 1222 1036 1275 dixere
1066 1222 1278 1274 Feralia
1306 1222 1496 1275 lucem.

183 1293 369 1347 ultima
397 1292 668 1363 placandis
698 1291 952 1344 Manibus
982 1292 1072 1345 illa
1102 1292 1230 1345 dies.

115 1382 237 1419 ecce
265 1382 398 1416 anus
428 1362 482 1415 in
512 1362 699 1415 mediis
729 1362 963 1415 residens
994 1380 1195 1415 annosa
1224 1362 1413 1432 puellis

185 1452 333 1488 sacra
362 1432 490 1486 facit
518 1432 734 1486 Tacitae
764 1431 878 1500 (vix
910 1443 1086 1486 tamen
1116 1433 1232 1502 ipsa
1262 1435 1425 1502 tacet)

114 1516 168 1560 et
196 1504 371 1576 digitis
401 1503 500 1557 tria
529 1513 647 1557 tura
676 1503 843 1556 tribus
875 1503 974 1556 sub
1004 1503 1182 1556 limine
1213 1503 1376 1573 ponit,

88 1574 95 1579 ⁷
166 1594 290 1646 *qua
318 1574 492 1629 brevis
522 1575 787 1628 occultum
818 1593 936 1627 mus
968 1574 1067 1627 sibi
1099 1574 1225 1627 fecit
1254 1574 1369 1627 iter.

113 1656 239 1701 tunc
268 1654 477 1701 cantata
505 1655 648 1700 tenet
678 1663 799 1699 cum
830 1645 979 1699 fusco
1010 1645 1131 1699 licia
1160 1645 1379 1716 plumbo

185 1726 236 1772 et
265 1725 473 1788 septem
495 1716 674 1787 nigras
705 1726 880 1769 versat
909 1716 963 1769 in
994 1734 1083 1770 ore
1115 1716 1282 1769 fabae.

22 1853 23 1865 γ
113 1787 360 1860 quodque
389 1787 505 1859 pice
535 1787 834 1850 adstrinxit,
867 1787 1010 1856 quod
1040 1806 1140 1841 acu
1171 1786 1373 1841 traiecit
1404 1792 1555 1851 ae‘na,

184 1859 432 1913 obsutum
461 1877 679 1912 maenae
709 1868 869 1912 torret
900 1858 955 1911 in
984 1858 1106 1929 igne
1138 1868 1315 1929 caput.

113 1930 238 1985 vina
265 1947 476 1999 quoque
505 1929 737 1983 instillat.
811 1929 918 1982 vini
948 1930 1321 1998 quodcumque
1351 1929 1593 1983 relictum
1622 1938 1720 1994 est,

185 2010 278 2055 aut
302 2001 444 2072 ipsa,
474 2010 566 2069 aut
594 2001 811 2054 comites
842 2001 980 2070 (plus
1011 2010 1188 2054 tamen
1217 2000 1379 2071 ipsa),
1412 2000 1560 2055 bibit.

114 2071 351 2126 ‘hostiles
379 2071 589 2141 linguas
618 2071 936 2140 inimicaque
966 2071 1231 2124 vinximus
1262 2071 1377 2124 ora'

187 2143 314 2196 dicit
343 2142 617 2196 discedens
648 2142 899 2211 ebriaque
931 2143 1039 2195 exit
1070 2161 1218 2194 anus.

113 2213 350 2285 protinus
381 2233 413 2266 a
441 2213 618 2275 nobis,
648 2230 784 2281 quae
815 2213 881 2266 sit
912 2214 1012 2266 dea
1040 2213 1222 2276 Muta,
1252 2213 1507 2282 requires-

24 2326 26 2337 .
187 2285 354 2347 disce,
386 2303 481 2355 per
509 2284 752 2353 antiquos
781 2302 917 2352 quae
947 2283 1076 2336 mihi
1106 2293 1232 2336 nota
1261 2302 1429 2338 senes·

24 2365 27 2414 3
113 2356 377 2426 Iuppiter,
406 2354 670 2408 inmodico
700 2355 952 2408 Iuturnae
983 2355 1153 2407 victus
1184 2372 1379 2418 amore,

184 2426 350 2479 multa
379 2426 497 2479 tulit
526 2435 672 2479 tanto
701 2444 808 2478 non
837 2426 1086 2497 patienda
1116 2426 1231 2478 deo·

70 2523 89 2529 ἱ
114 2498 203 2552 illa
231 2497 388 2550 modo
417 2497 472 2550 in
502 2497 646 2550 silvis
675 2497 812 2551 inter
842 2498 1075 2567 coryleta
1103 2496 1318 2560 latebat,

26 2625 30 2637 ¹
185 2586 326 2622 nunc
354 2567 410 2621 in
439 2577 691 2639 cognatas
723 2568 998 2621 desiliebat
1028 2586 1207 2637 aquas.

25 2701 31 2715 .
115 2647 369 2693 convocat
395 2638 482 2693 hic
509 2639 796 2710 nymphas,
826 2639 1043 2692 Latium
1073 2655 1441 2708 quaecumque
1471 2639 1739 2701 tenebant,

29 2712 31 2719 '
186 2719 239 2764 et
265 2709 390 2764 iacit
417 2710 472 2763 in
501 2710 675 2764 medio
705 2710 832 2763 talia
860 2711 1024 2764 verba
1054 2710 1239 2770 choro:

115 2780 337 2834 ‘invidet
366 2780 482 2851 ipsa
511 2780 612 2834 sibi
640 2781 901 2850 vitatque,
932 2781 1076 2849 quod
1105 2781 1318 2851 expedit
1346 2780 1439 2842 illi,

185 2860 360 2906 vestra
389 2869 557 2914 soror,
587 2869 795 2904 summo
825 2852 1172 2905 concubuisse
1204 2851 1319 2904 deo.

28 2939 29 2964 ὲ
117 2922 369 2977 consulite
399 2922 681 2975 ambobus!
712 2941 836 2975 nam
865 2941 1002 2992 quae
1030 2941 1152 2975 mea
1178 2940 1374 2992 magna
1404 2921 1665 2993 volupta8‚

173 2991 385 3046 'utilitas
413 3002 844 3063 vesti-aemagna
872 2993 1065 3045 sororis
1096 2993 1209 3046 erit.

118 3082 210 3117 vos
238 3063 315 3117 illi
342 3063 397 3116 in
426 3064 596 3134 prima
624 3063 850 3134 fugienti
880 3064 1116 3117 obsistite
1145 3064 1277 3133 ripa,

186 3153 252 3188 ne
282 3154 379 3189 sua
407 3135 657 3201 fluminea
687 3153 908 3206 corpora
936 3143 1142 3203 mergat
1171 3134 1343 3203 aqua.’

70 3205 72 3207 ’
117 3205 335 3260 dixerat.
410 3206 702 3260 adnuerant
730 3206 995 3277 nymphae
1025 3205 1357 3259 Tiberinides
1390 3223 1589 3271 omnes,

188 3293 430 3347 quaeque
460 3277 639 3331 colunt
667 3277 949 3341 thalamos,
981 3277 1082 3329 Ilia
1111 3277 1257 3338 diva,
1288 3288 1424 3329 tuos.

80 3398 86 3403 ,
118 3345 253 3401 forte
281 3347 383 3401 fuit
410 3348 564 3411 Nais,
595 3348 740 3402 Lara
767 3349 1004 3402 nomine:
1035 3348 1205 3419 prima
1237 3347 1331 3401 sed
1359 3348 1435 3400 illi

191 3417 330 3472 dicta
356 3418 439 3472 bis
469 3419 744 3489 antiquum
774 3419 978 3490 syllaba
1005 3437 1200 3472 nomen
1230 3428 1357 3480 erat,

119 3505 186 3540 ex
214 3489 340 3543 vitio
368 3489 615 3560 positum.
689 3509 846 3562 saepe
876 3490 951 3543 illi
982 3489 1185 3544 dixerat
1213 3489 1377 3542 Almo

1749 328 1816 383 31

1849 597 1933 638 560

1750 986 1768 992 s
1851 931 1940 994 56⁵

1853 1308 1942 1348 570
2001 1280 2008 1285 ’

1852 1662 1940 1702 575

1852 2017 1942 2058 580

1850 2372 1940 2413 585

1849 2726 1940 2766 590

1851 3079 1939 3121 595

1853 3432 1941 3472 600
