2158 3906
272 353 379 408 214
578 365 635 408 P.
667 363 875 409 ov1D11
904 360 1176 407 NASONIS
1206 360 1403 407 1131D1s
1435 362 1676 407 eos-642.

340 486 439 520 nec
470 465 638 535 possis
669 472 849 532 captas
881 463 1002 515 inde
1032 463 1226 516 referre
1257 481 1462 516 manus.

272 537 683 602 muneribusque
714 533 817 585 tuis
848 534 1098 596 laedaris,
1128 543 1188 586 ut
1217 534 1426 596 Icarus,
1456 534 1512 586 in
1542 552 1702 602 quem

156 626 242 665 610
342 607 516 659 intulit
546 612 774 657 armat-as
805 603 951 657 ebria
979 605 1134 657 turba
1162 624 1367 658 manus,

273 678 520 747 quodque
552 675 730 728 dolore
760 675 904 728 necis
935 676 1135 745 patriae
1164 676 1252 746 pia
1281 675 1390 728 filia
1418 675 1562 739 fecit,

344 747 555 800 vincula
584 764 678 816 per
707 746 884 815 laquei
913 746 998 799 fac
1028 746 1124 798 tibi
1153 755 1336 815 guttur
1366 756 1467 799 eat.

273 820 647 885 obstructoque
677 816 875 870 famem
904 817 1119 886 patiaris
1149 817 1329 870 limine
1359 818 1501 880 tecti,

342 898 400 941 ut
429 889 602 958 legem
632 906 834 957 poenae
865 888 951 940 cui
982 888 1125 940 dedit
1154 888 1270 958 ipsa
1299 907 1506 957 parens.

154 977 238 1017 615
270 961 409 1013 illius
442 959 684 1029 exemplo
715 958 879 1012 violes
911 959 1191 1012 simulacra
1219 959 1517 1023 Minervae,

341 1030 555 1082 Aulidis
587 1050 618 1083 a
648 1038 804 1100 portu
834 1029 925 1098 qui
953 1030 1070 1082 leve
1101 1030 1258 1083 vertit
1286 1030 1400 1083 iter.

268 1101 669 1171 Naupliadaeve
699 1100 857 1153 modo
888 1118 1085 1170 poenas
1116 1119 1212 1171 pro
1243 1101 1459 1154 crimine
1490 1100 1624 1154 falso

342 1182 508 1226 morte
537 1173 677 1235 luas„
708 1190 808 1225 nec
838 1180 890 1225 te
920 1190 1028 1224 non
1058 1171 1311 1225 meruisse
1341 1172 1501 1224 iuvet.

270 1243 539 1296 Aethalon
569 1252 628 1295 ut
658 1243 767 1295 vita
797 1242 1043 1313 spoliavit
1072 1243 1303 1295 Isindius
1335 1242 1545 1313 hospes,

154 1331 240 1371 620
342 1332 501 1383 quem
531 1331 733 1367 memor
763 1333 794 1366 a
825 1314 984 1367 sacris
1015 1332 1157 1367 nunc
1188 1332 1401 1382 quoque
1430 1314 1578 1383 pellit
1607 1313 1731 1366 Ion:

269 1394 433 1454 utque
463 1385 773 1439 Melanthea
803 1385 1032 1438 tenebris
1064 1405 1096 1438 a
1125 1385 1286 1438 caede
1316 1386 1567 1438 latentem

340 1456 572 1526 prodidit
601 1455 774 1508 officio
804 1456 1018 1508 luminis
1048 1456 1164 1525 ipsa
1194 1475 1408 1525 parens:

269 1527 344 1580 sic
374 1536 466 1580 tua
497 1526 745 1580 coniectis
776 1526 1045 1579 fodiantur
1074 1536 1289 1595 pectora
1317 1527 1451 1589 telis,

340 1598 438 1660 sic,
469 1616 679 1668 precor,
711 1598 917 1650 auxiliis
948 1597 1235 1667 impediare
1267 1598 1387 1649 tuis,

153 1686 237 1725 625
270 1669 439 1737 qualis
472 1687 635 1737 equos
666 1677 848 1738 pacm,
878 1686 1011 1736 quos
1042 1668 1192 1721 fortis
1223 1668 1417 1738 agebat
1446 1667 1701 1731 AchiHes,

340 1749 459 1792 acta
487 1739 694 1809 Phrygi
723 1739 907 1791 timido
939 1747 1041 1802 est,
1072 1757 1180 1791 nox
1210 1738 1307 1791 tibi
1336 1739 1453 1791 talis
1485 1748 1585 1791 eat.

267 1829 367 1864 nec
396 1819 455 1862 tu
485 1828 646 1879 quam
675 1810 885 1863 Rhesus
918 1828 1102 1862 somno
1132 1810 1346 1862 meliore
1377 1809 1635 1877 quiescaS‚

339 1899 501 1949 quam
531 1881 747 1934 comites
777 1880 956 1933 Rheso
987 1889 1101 1932 tum
1130 1881 1299 1942 necis,
1331 1889 1451 1932 ante
1482 1880 1616 1941 viae,

268 1970 429 2019 quam
458 1969 592 2020 quos
624 1970 747 2004 cum
777 1951 976 2003 Rutulo
1007 1950 1162 2004 morti
1192 1951 1453 2003 Ramnete
1485 1950 1745 2003 dederunt

151 2039 238 2079 630
339 2023 564 2092 impiger
593 2022 912 2092 Hyrtacides
945 2021 1377 2091 Hyrtacidaeque
1408 2039 1602 2074 comes.

270 2091 613 2146 Cliniadaeve
642 2093 801 2146 modo
832 2093 1187 2146 circumdatus
1218 2092 1431 2162 ignibus
1462 2091 1586 2144 atris

339 2165 578 2217 membra
606 2164 746 2218 feras
779 2162 1000 2234 Stygiae
1031 2164 1396 2217 semicremata
1424 2162 1558 2216 neci.

266 2243 391 2288 utve
422 2235 592 2288 Remo
623 2253 801 2288 muros
833 2253 962 2288 auso
993 2235 1212 2288 transire
1241 2242 1494 2296 recentes,

339 2307 498 2359 noxia
527 2307 632 2359 sint
662 2306 823 2376 capiti
851 2306 1047 2359 rustica
1076 2306 1181 2359 tela
1211 2314 1319 2358 tuo.

153 2394 236 2433 635
270 2377 496 2445 denique
525 2407 597 2415 —
627 2376 950 2431 Sarmaticas
979 2377 1116 2429 inter
1147 2374 1471 2444 Geticasque
1503 2375 1721 2445 sagittas

339 2448 419 2500 his
451 2466 638 2516 precor
666 2456 726 2500 ut
755 2448 903 2500 vivas
935 2457 987 2500 et
1016 2446 1240 2500 moriare
1269 2445 1423 2499 locis!

267 2518 398 2571 haec
430 2519 526 2571 tibi
554 2519 810 2587 tantisper
840 2518 1014 2570 subito
1045 2518 1145 2570 sint
1176 2517 1337 2569 missa
1366 2516 1560 2579 libello,

339 2590 654 2642 inmemores
684 2608 751 2642 ne
780 2606 877 2641 nos
908 2608 1022 2641 esse
1053 2606 1275 2656 querare
1306 2588 1399 2639 tui.

270 2679 441 2729 pauca
471 2659 711 2728 quidem,
742 2659 934 2712 fateor:
968 2659 1061 2712 sed
1091 2659 1145 2711 di
1175 2659 1299 2710 dent
1328 2659 1481 2728 plura
1505 2658 1707 2728 ‚rogatis

151 2748 239 2788 640
342 2731 793 2800 multiplicentque
825 2748 920 2783 suo
953 2739 1076 2782 vota
1105 2730 1287 2782 favore
1318 2748 1452 2782 mea.

268 2802 546 2871 postmodo
578 2802 731 2872 plura
759 2802 931 2869 legeS,
965 2810 1015 2853 et
1044 2818 1238 2853 nomen
1268 2799 1518 2853 habentia
1554 2818 1756 2863 verum,

339 2881 389 2925 et
419 2873 579 2942 pede,
610 2890 715 2942 quo
748 2872 942 2925 debent
973 2871 1114 2924 acria
1145 2871 1283 2924 bella
1311 2870 1441 2941 geri.
