2158 3906
348 345 453 398 266
898 355 953 397 P.
987 354 1194 400 OVIDII
1223 354 1495 401 NASONIS

350 476 443 510 cur
473 475 573 525 ego
605 456 846 524 concepi,
880 454 1143 524 Scythicis
1176 476 1259 510 me
1288 476 1443 526 posse
1476 476 1653 513 carere

263 545 319 584 30
420 528 612 579 finibus
643 536 694 579 et
725 536 862 578 terra
893 528 1220 596 prosperiore
1252 527 1388 580 frui?

351 617 444 651 cur
474 596 673 665 aliquid
703 596 768 649 de
798 616 882 649 me
913 598 1122 666 speravi
1150 598 1320 651 lenius
1351 600 1636 667 umquam?

420 687 488 720 an
518 667 728 719 fortuna
758 667 888 720 mihi
918 668 992 721 sic
1022 688 1140 722 mea
1168 678 1293 722 nota
1322 669 1455 722 fuit?

349 748 595 806 torqueor
626 758 692 791 en
720 738 959 808 graviUS,
990 740 1316 809 repetitaque
1346 741 1517 793 forma
1545 741 1781 794 locorum

421 809 636 862 exilium
665 819 886 862 renovat
916 811 1062 863 triste
1093 829 1384 879 recensque
1413 811 1556 864 facit.

262 896 317 935 35
350 890 429 933 est
459 889 636 933 tamen
667 880 870 942 utilius),
902 881 1136 934 studium
1167 901 1400 935 cessasse
1431 900 1685 945 meorum,

421 969 606 1019 quam,
638 969 770 1019 quas
801 952 1086 1015 admorint‚
1115 971 1222 1004 non
1251 953 1480 1005 valuisse
1509 972 1709 1023 preces,

348 1041 544 1091 magna
574 1022 788 1090 quidem
817 1042 900 1075 res
932 1032 1034 1086 est,
1066 1042 1228 1091 quam
1257 1041 1363 1075 non
1394 1024 1623 1086 audetiS,
1656 1024 1832 1077 amici.

422 1093 515 1145 sed
545 1093 589 1145 si
619 1093 736 1161 quis
767 1103 991 1163 peteret,
1023 1095 1113 1162 qui
1145 1095 1269 1147 dare
1301 1095 1480 1157 vellet,
1513 1104 1640 1147 erat.

351 1163 635 1216 dummodo
667 1182 773 1215 non
802 1165 954 1216 nobis
984 1164 1085 1218 hoc
1118 1164 1405 1218 Caesaris
1391 1185 1470 1218 ira
1499 1165 1721 1235 negarit,

262 1248 318 1286 40
419 1234 622 1288 fortiter
652 1234 923 1288 Euxinis
908 1235 1250 1289 inmoriemur
1279 1236 1447 1304 aquis.

1123 1348 1282 1403 VIII.

351 1446 506 1514 Quae
522 1448 634 1511 tibi,
650 1449 986 1516 quaerebam,
1003 1467 1290 1502 memorem
1308 1449 1553 1502 testantia
1570 1467 1750 1502 curam
1783 1448 2058 1492 MAXIMO

423 1519 561 1570 dona
590 1519 901 1572 Tomitanus
933 1520 1136 1572 mittere
1167 1530 1346 1589 posset
1377 1539 1519 1589 ager.
1795 1505 2055 1549 COTTAE·

351 1589 543 1658 dignus
575 1608 630 1642 es
662 1600 903 1659 argentO,
935 1591 1081 1642 fulvo
1113 1609 1323 1659 quoque
1353 1591 1562 1659 dignior
1592 1609 1744 1643 auro:

423 1660 516 1713 sed
546 1670 622 1724 te,
654 1679 775 1714 cum
805 1661 994 1724 donas,
1024 1662 1123 1713 ista
1153 1661 1334 1714 iuvare
1365 1662 1550 1714 solent.

293 1743 319 1781 5
351 1750 449 1784 nec
480 1741 657 1784 tamen
686 1731 817 1784 haec
846 1733 962 1785 loca
993 1743 1115 1784 sunt
1145 1733 1251 1784 ullo
1282 1732 1511 1801 pretiosa
1541 1732 1776 1784 metallo:

422 1802 586 1854 hostis
618 1802 685 1854 ab
716 1803 947 1871 agricola
977 1803 1066 1854 vix
1097 1803 1218 1854 sinit
1247 1803 1337 1855 illa
1366 1803 1493 1855 fodi.

350 1892 585 1942 purpura
616 1892 771 1941 saepe
802 1884 920 1925 tuos
951 1873 1163 1942 fulgens
1195 1873 1453 1942 praetexit
1482 1873 1728 1926 amictus:

421 1944 514 1996 sed
543 1962 650 1996 non
680 1943 974 1997 Sarmatico
1005 1943 1263 2012 tinguitur
1292 1944 1382 1996 illa
1410 1944 1558 1995 mari.

350 2015 545 2067 vellera
576 2014 708 2066 dura
738 2014 913 2067 ferunt
942 2015 1196 2084 pecudes,
1227 2023 1280 2067 et
1308 2014 1544 2067 Palladis
1575 2014 1653 2067 uti

269 2097 320 2135 10
422 2094 533 2139 arte
563 2085 874 2138 Tomitanae
905 2104 1010 2138 non
1041 2086 1269 2139 didicere
1299 2105 1480 2138 nurus,

350 2156 548 2209 femina
576 2175 671 2226 pro
702 2157 825 2208 lana
856 2155 1098 2210 Cerealia
1126 2175 1347 2209 munera
1377 2156 1575 2227 frangit

423 2227 799 2297 suppositoque
830 2247 1048 2310 gravem
1078 2228 1273 2280 vertice
1302 2237 1477 2297 portat
1506 2246 1714 2296 aquam.

350 2316 457 2350 non
486 2299 572 2351 hic
603 2299 896 2368 pampineis
928 2298 1169 2351 amicitur
1198 2299 1393 2351 vitibus
1425 2300 1616 2361 ulmus,

420 2370 566 2421 nulla
595 2379 842 2438 premunt
870 2388 1044 2421 ramos
1075 2370 1310 2451 pondere
1337 2388 1495 2446 poma
1525 2388 1635 2421 suo·

268 2454 318 2492 15
352 2439 521 2492 tristia
551 2440 812 2493 deformes
843 2439 1347 2510 pariuntabsinthia
1378 2441 1565 2509 campi,

423 2519 667 2578 terraque
698 2511 763 2563 de
793 2510 994 2572 fructU,
1026 2529 1187 2579 quam
1218 2510 1284 2562 sit
1314 2530 1516 2573 amara,
1549 2510 1717 2564 docet.

352 2581 427 2632 nil
456 2581 619 2650 igitur
648 2589 759 2633 tota
786 2581 948 2633 Ponti
977 2581 1192 2650 regione
1223 2581 1432 2643 sinistri,

423 2651 568 2719 quod
596 2670 715 2704 mea
746 2651 994 2704 sedulitas
1026 2651 1231 2705 mittere
1261 2661 1463 2721 posset,
1495 2661 1621 2704 erat.

353 2723 531 2774 clausa
561 2731 738 2776 tamen
767 2723 885 2775 misi
917 2722 1169 2791 Scythica
1198 2722 1295 2775 tibi
1324 2723 1429 2775 tela
1457 2722 1727 2792 pharetra:

263 2807 321 2845 20
422 2792 597 2856 hoste,
627 2811 839 2863 precor,
869 2794 997 2846 fiant
1026 2794 1115 2846 illa
1144 2802 1362 2846 cruenta
1389 2803 1500 2846 tuo.

350 2863 446 2916 hos
476 2863 635 2917 habet
665 2864 796 2917 haec
827 2865 1079 2927 calamOS,
1111 2864 1207 2917 hos
1237 2865 1368 2919 haec
1398 2864 1557 2918 habet
1588 2883 1679 2917 ora
1708 2864 1928 2928 libellos,

420 2934 552 2988 haec
582 2935 727 3005 viget
754 2935 810 2987 in
839 2936 1053 2998 nostriS,
1084 2935 1346 2999 Maxime,
1377 2935 1558 2988 Musa
1570 2936 1721 2988 locis!

351 3023 487 3074 quae
518 3023 842 3075 quamquam
870 3006 1074 3060 misisse
1104 3006 1292 3076 pudet,
1323 3007 1448 3075 quia
1476 3025 1641 3076 parva
1670 3007 1929 3069 videntur,

421 3085 479 3128 tu
509 3085 687 3130 tamen
716 3077 872 3141 haec,
903 3095 1127 3146 quaesO,
1159 3078 1375 3131 consule
1405 3077 1565 3131 missa
1595 3078 1735 3130 boni.

1148 3190 1254 3243 IX.

348 3285 513 3352 Quod
543 3289 609 3340 sit
637 3289 693 3341 in
721 3288 801 3341 his
834 3288 1019 3343 eadem
1049 3290 1322 3352 sententia,
1348 3290 1532 3351 Brute,
1562 3289 1767 3353 libellis,
1799 3289 1841 3331 Β
1850 3290 1890 3333 R
1908 3291 1997 3333 UT
2005 3291 2056 3334 O·

423 3358 654 3440 carmina
683 3359 859 3412 nescio
891 3377 1049 3427 quem
1080 3378 1294 3429 carpere
1323 3368 1503 3412 nostra
1531 3360 1718 3413 refers:

349 3427 425 3480 nil
454 3429 555 3480 nisi
584 3448 668 3481 me
699 3440 836 3482 terra
866 3429 1012 3481 fruar
1041 3439 1100 3482 ut
1129 3430 1372 3499 propiore
1402 3448 1606 3500 rogare,

424 3509 475 3552 et
505 3517 664 3567 quam
694 3500 793 3553 sim
825 3500 987 3553 denso
1019 3500 1219 3555 cinctus
1252 3500 1319 3554 ab
1351 3500 1523 3563 hoste,
1555 3503 1715 3571 loqui.
