2158 3906
355 290 459 343 186
910 300 962 344 Ρ.
997 300 1203 347 OVIDII
1231 299 1503 346 NASONIS

1154 444 1258 496 ΙΙΙ.

357 545 458 596 Illa
488 543 597 595 dies
628 542 759 594 haec
790 550 892 604 est,
923 559 1029 610 qua
1058 551 1109 596 te
1141 543 1405 596 celebrare
1436 553 1741 612 poetae,—

430 614 473 665 si
502 612 659 665 modo
689 629 795 664 non
824 612 1015 665 fallunt
1044 622 1284 684 tempora
1311 644 1383 651 —
1412 614 1649 678 Bacche,
1682 616 1850 668 solent

358 683 598 751 festaque
628 682 858 736 odoratis
887 683 1162 737 innectunt
1190 694 1427 767 tempora
1458 686 1606 738 sertis

429 764 480 807 et
510 753 689 807 dicunt
719 754 903 807 laudes
936 755 1005 807 ad
1033 764 1126 808 tua
1154 755 1277 808 vina
1306 765 1441 808 tuas.

298 841 325 879 5
356 824 490 877 inter
520 841 678 907 quos,
707 824 947 889 memini,
979 826 1108 879 dum
1136 845 1221 879 me
1252 845 1369 879 mea
1398 825 1509 879 fata
1540 827 1795 890 sinebant,

427 913 535 948 non
563 895 736 948 invisa
763 895 861 948 tibi
890 915 1011 966 pars
1042 915 1142 967 ego
1173 915 1329 967 saepe
1359 896 1455 960 fui,

358 985 516 1035 quem
546 984 687 1020 nunc
718 967 1049 1037 suppositum
1080 967 1241 1021 stellis
1273 967 1686 1038 Erymanthidos
1716 968 1890 1023 Ursae

428 1037 607 1090 iuncta
636 1046 779 1092 tenet
810 1039 985 1091 crudis
1017 1037 1275 1092 Sarmatis
1306 1057 1398 1092 ora
1429 1037 1598 1092 Getis.
1644 1047 1646 1050 ’

358 1107 553 1178 quique
583 1108 730 1178 prius
759 1109 974 1163 mollem
1002 1127 1332 1178 vacuamque
1361 1108 1629 1162 laboribus
1662 1111 1747 1181 egi

275 1195 328 1234 10
428 1180 482 1232 in
514 1179 688 1233 studio
717 1179 881 1233 vitam
910 1180 1292 1263 Pieridumque
1324 1180 1501 1243 chorO,

357 1268 498 1303 nunc
527 1251 711 1320 procul
741 1270 772 1303 a
795 1251 971 1321 patria
1002 1249 1205 1306 Geticis
1237 1251 1594 1305 circumsonor
1624 1251 1798 1317 armis,

428 1322 595 1374 multa
624 1322 768 1392 prius
798 1323 989 1393 pelago
1018 1324 1302 1405 multaque·
1320 1341 1507 1393 passus
1537 1323 1714 1375 humo,

358 1392 469 1445 sive
499 1392 628 1445 mihi
659 1411 811 1446 casus
843 1394 952 1448 sive
983 1393 1083 1447 hoc
1114 1393 1302 1447 dedit
1288 1413 1366 1446 ira
1397 1393 1632 1457 deorum,

427 1463 610 1516 nubila
638 1465 875 1517 nascenti
905 1483 1000 1518 seu
1028 1465 1159 1517 mihi
1187 1464 1361 1518 Parca
1390 1464 1507 1526 fuit,

276 1548 326 1587 15
359 1542 416 1586 tu
446 1543 624 1588 tamen
654 1553 684 1588 e
715 1535 875 1588 sacris
907 1545 1082 1589 vatem
1112 1535 1400 1588 cultoribus
1430 1554 1596 1588 unum

427 1605 645 1658 numine
676 1605 935 1660 debueras
968 1607 1275 1659 sustinuisse
1305 1616 1414 1659 tuo.

359 1695 426 1727 an
456 1676 699 1730 dominae
728 1676 825 1729 fati
854 1677 1107 1746 quicquid
1137 1677 1371 1731 cecinere
1402 1695 1622 1739 sororeS,

430 1765 584 1801 omne
616 1747 715 1800 sub
746 1747 959 1800 arbitrio
992 1748 1181 1802 desinit
1210 1767 1325 1802 esse
1357 1747 1473 1801 dei?

357 1817 471 1887 ipse
503 1835 714 1886 quoque
745 1818 1004 1871 aetherias
1034 1819 1231 1872 meritis
1262 1819 1500 1871 invectus
1533 1837 1588 1871 es
1619 1837 1783 1882 arceS‚

273 1902 328 1942 20
431 1906 537 1956 quo
567 1906 674 1941 non
705 1889 898 1958 exiguo
928 1889 1070 1942 facta
1099 1889 1278 1942 labore
1310 1889 1396 1942 via
1425 1897 1519 1942 est.

358 1977 456 2012 nec
486 1959 657 2028 patria
687 1970 767 2013 est
796 1960 1033 2012 habitata
1062 1960 1182 2023 tibi,
1214 1959 1307 2014 sed
1337 1959 1575 2028 adusque
1605 1960 1849 2014 nivosum

432 2029 718 2098 Strymona
748 2031 937 2084 venisti
966 2031 1408 2100 Marticolamque
1438 2028 1617 2084 Geten

355 2100 685 2169 Persidaque
716 2111 768 2154 et
796 2103 902 2154 lato
934 2102 1247 2171 spatiantem
1277 2102 1487 2172 gurgite
1520 2100 1767 2172 Gangen,

429 2180 481 2224 et
510 2190 872 2241 quascumque
903 2172 1036 2225 bibit
1066 2173 1277 2227 decolor
1306 2173 1472 2226 Indus
1503 2190 1683 2241 aquas.

273 2257 326 2295 25
358 2242 554 2296 scilicet
583 2242 720 2296 hanc
748 2245 922 2314 legem
950 2254 1135 2298 nentes
1165 2244 1347 2297 fatalia
1374 2244 1580 2297 Parcae

431 2314 655 2367 stamina
684 2315 765 2367 bis
767 2315 974 2397 genito
1005 2316 1086 2368 bis
1118 2316 1352 2369 cecinere
1382 2315 1493 2366 tibi.

358 2403 443 2438 me
474 2402 708 2454 quoque,
739 2385 783 2438 si
812 2385 894 2438 fas
925 2395 1004 2439 est
1033 2386 1332 2456 exemplis
1317 2404 1393 2438 1re
1424 2385 1659 2448 deorum,

428 2455 599 2508 ferrea
627 2474 739 2509 sors
771 2456 908 2510 vitae
939 2456 1273 2525 difficilisque
1301 2456 1507 2526 premit.

357 2526 447 2579 illo
476 2544 576 2579 nec
604 2526 773 2580 levius
805 2526 993 2589 cecidi,
1025 2545 1186 2596 quem
1212 2546 1408 2596 magna
1436 2527 1671 2579 locutum

274 2612 329 2651 30
430 2597 658 2666 reppulit
689 2617 719 2649 a
748 2597 947 2651 Thebis
978 2598 1261 2668 Iuppiter
1247 2616 1371 2666 igne
1402 2616 1514 2650 suo.

358 2676 419 2719 ut
446 2676 623 2721 tamen
654 2668 846 2720 audisti
875 2687 1183 2738 percussum
1213 2668 1435 2722 fulmine
1464 2676 1656 2732 vatem,

430 2738 700 2791 admonitu
731 2739 912 2792 matris
943 2739 1272 2793 condoluisse
1302 2748 1475 2809 potes:

360 2817 412 2863 et
440 2819 590 2879 potes
622 2810 880 2880 aspiciens
912 2810 1109 2864 circum
1139 2820 1231 2863 tua
1260 2829 1410 2863 sacra
1439 2819 1621 2881 poetas

431 2881 631 2933 ‘nescio
663 2881 779 2949 quis
809 2881 995 2934 nostri'
1029 2882 1201 2935 dicere
1231 2882 1424 2935 ‘cultor
1454 2881 1635 2934 abest.’

275 2966 327 3004 35
359 2950 462 3013 fer,
493 2951 630 3005 bone
660 2951 850 3015 Liber,
882 2971 1053 3023 opem.
1127 2953 1202 3006 sic
1231 2953 1395 3006 altera
1425 2952 1677 3022 degravet
1708 2954 1911 3006 ulmum

429 3022 551 3074 vitis
583 3032 635 3076 et
663 3022 865 3076 incluso
895 3024 1052 3093 plena
1083 3024 1149 3076 sit
1177 3042 1283 3076 uva
1311 3042 1473 3086 mer0,

359 3093 434 3146 sic
465 3093 560 3145 tibi
591 3112 712 3146 cum
742 3094 969 3148 Bacchis
1001 3093 1313 3164 Satyrorum
1341 3113 1518 3164 gnava
1546 3095 1790 3146 iuventus

431 3164 590 3227 adsit,
622 3174 673 3217 et
703 3165 924 3217 attonito
953 3183 1060 3218 non
1090 3175 1296 3218 taceare
1327 3183 1472 3227 son0,

360 3253 480 3287 ossa
511 3235 825 3304 bipenniferi
855 3236 930 3288 sic
960 3236 1063 3287 sint
1094 3236 1229 3288 male
1259 3254 1440 3305 pressa
1470 3235 1726 3305 Lycurgi,

273 3320 329 3359 40
430 3305 592 3373 impia
620 3323 718 3358 nec
748 3323 920 3374 poena
948 3305 1216 3360 Pentheos
1247 3306 1436 3358 umbra
1466 3315 1634 3367 vacet,

361 3375 435 3428 sic
467 3375 623 3428 micet
653 3387 925 3429 aeternum
954 3376 1231 3444 vicinaque
1264 3376 1435 3429 sidera
1465 3376 1641 3429 vincat

431 3446 669 3516 coniugis
699 3446 755 3499 in
785 3447 929 3500 caelo
962 3447 1102 3501 clara
1135 3445 1345 3501 Corona
1376 3457 1521 3501 tuae:
