2158 3906
502 342 853 399 FASTORUM
881 341 1003 387 LIB.
1035 342 1118 388 IV.
1151 342 1364 387 57—143.
1723 327 1791 382 61

80 467 206 506 cum
234 463 378 500 mare
409 453 530 498 trux
561 444 696 498 aries
728 462 892 497 cornu
923 444 1178 496 decertat:
1210 453 1265 496 at
1293 442 1434 497 idem

154 519 382 572 frontem
412 515 634 568 dilectae
663 515 872 568 laedere
902 517 1070 584 parcit
1099 514 1229 567 ovis.

79 587 321 661 deposita
350 585 587 656 sequitur
616 595 799 638 taurus
830 585 1036 638 feritate
1067 585 1362 648 iuvencam,

153 677 312 729 quem
341 657 436 711 toti
467 657 655 718 saltus,
686 674 845 725 quem
874 674 1061 709 nemus
1092 675 1246 709 omne
1277 656 1467 710 tremit.

81 729 162 786 vis
193 729 401 792 eadem,
431 727 537 781 lato
566 727 939 796 quodcumque
970 727 1069 779 sub
1100 745 1327 795 aequore
1358 727 1505 790 vivit,
1827 743 1908 783 105

153 808 328 854 servat
357 807 410 853 et
438 798 727 852 innumeris
757 798 990 868 piscibus
1022 798 1202 867 implet
1236 816 1417 866 aquas.

80 871 252 945 prima
280 870 420 924 feros
450 869 660 923 habitus
692 868 891 922 homini
922 868 1171 931 detraxit,
1205 868 1273 921 ab
1302 869 1394 921 illa

151 949 410 996 venerunt
440 941 612 994 cultus
642 940 946 1007 mundaque
978 959 1104 993 cura
1134 939 1232 991 sui.

17 1054 19 1057 -
78 1012 280 1087 primus
311 1031 494 1065 amans
526 1030 738 1065 carmen
768 1011 1045 1080 vigilatum
1075 1019 1229 1063 nocte
1259 1019 1453 1081 negata

66 1089 73 1131 ἑ
153 1083 346 1136 dicitur
374 1083 443 1136 ad
473 1083 678 1136 clausas
710 1082 1036 1135 concinuisse
1067 1081 1224 1142 fores,
1824 1097 1908 1138 110

62 1154 454 1223 ,eloquiumque
484 1153 586 1206 fuit
615 1153 801 1206 duram
832 1170 1049 1205 exorare
1079 1151 1328 1220 puellam,

70 1224 77 1293 j
188 1242 351 1293 roque
382 1243 480 1277 sua
510 1242 670 1277 causa
699 1223 922 1291 quisque
953 1222 1177 1274 disertus
1209 1231 1336 1275 erat.

78 1295 154 1351 mi
173 1295 223 1349 le
251 1313 347 1366 per
375 1294 511 1348 hanc
541 1304 679 1347 artes
716 1302 897 1356 notae3
929 1291 1209 1360 studioque
1238 1291 1501 1361 placendi,

151 1384 287 1436 quae
317 1366 517 1419 latuere
547 1364 716 1435 prius,
747 1363 914 1416 multa
942 1372 1149 1433 reperta
1179 1362 1371 1416 serunt.

78 1436 217 1492 hanc
247 1436 527 1506 quisquam
557 1435 707 1488 titulo
737 1434 933 1488 mensis
964 1433 1190 1504 spoliare
1221 1433 1439 1486 secundi
1823 1451 1905 1491 115

153 1507 378 1562 audeat?
407 1525 439 1560 a
466 1505 619 1559 nobis
650 1506 716 1559 sit
745 1506 893 1558 furor
922 1505 1020 1557 iste
1051 1505 1250 1575 procul.

77 1579 211 1650 quid
239 1577 382 1648 quod
412 1577 610 1647 ubique
639 1586 826 1648 potens
857 1575 1172 1646 templisque
1202 1575 1569 1643 frequentibus
1600 1584 1774 1640 aucta,

150 1648 282 1703 urbe
311 1658 490 1702 tamen
517 1657 698 1702 nostra
725 1648 808 1700 ius
839 1648 939 1700 dea
969 1646 1138 1699 maius
1169 1646 1360 1699 habet?

79 1738 178 1793 pro
207 1719 391 1784 Troia,
421 1719 687 1782 Romane,
717 1728 810 1772 tua
839 1718 1024 1773 Venus
1056 1737 1203 1771 arma
1232 1717 1454 1780 ferebat,

151 1809 274 1845 cum
301 1791 505 1862 gemuit
533 1800 768 1844 teneram
799 1789 1017 1859 cuspide
1047 1789 1192 1841 laesa
1221 1807 1462 1843 manum:
1825 1805 1909 1847 120

78 1862 438 1931 caelestesque
469 1861 600 1915 duas
628 1861 860 1915 Troiano
890 1860 1064 1913 iudice
1095 1860 1220 1913 vicit

151 1933 232 2001 (a,
263 1933 426 1986 nolim
455 1933 619 1986 victas
650 1931 750 1985 hoc
780 1931 1080 1984 meminisse
1112 1930 1312 2001 deasl):

79 2002 438 2073 Assaracique
466 2022 631 2057 nurus
661 2003 802 2056 dicta
831 2012 932 2065 est,
964 2011 1024 2055 ut
1053 2002 1251 2055 scilicet
1281 2001 1407 2055 olim

152 2093 378 2144 magnus
407 2075 582 2128 Iuleos
615 2071 814 2127 Caesar
844 2073 1062 2126 haberet
1091 2091 1235 2125 avos·

77 2164 181 2200 nec
208 2145 408 2200 Veneri
438 2154 670 2215 tempus,
701 2162 862 2213 quam
892 2163 1008 2206 ver,
1041 2152 1153 2196 erat
1183 2143 1355 2213 aptius
1386 2143 1580 2198 ullum:
1822 2162 1906 2203 125

151 2234 276 2270 vere
303 2216 472 2270 nitent
501 2226 694 2278 terrae,
725 2234 848 2268 vere
877 2215 1126 2268 remissus
1157 2233 1300 2284 ager.

75 2305 222 2341 :nunc
249 2286 445 2341 herbae
474 2296 631 2358 rupta
659 2287 845 2339 tellure
876 2286 1151 2339 cacumina
1180 2286 1392 2348 tollunt3

149 2376 292 2412 nunc
321 2357 522 2411 tumido
552 2376 791 2428 gemmas
822 2357 1013 2410 cortice
1044 2356 1244 2427 palmes
1276 2357 1401 2426 agit.

76 2436 134 2483 et
159 2428 392 2483 formosa
419 2429 607 2483 Venus
636 2428 867 2481 formoso
898 2437 1134 2498 tempore
1165 2427 1326 2497 digna
1356 2436 1451 2490 est,

59 2508 85 2517 ⁸
149 2508 314 2570 utque
344 2498 694 2563 solet,¹Marti
724 2499 1028 2552 continuata
1058 2516 1171 2551 suo.
1824 2518 1907 2559 130

12 2611 13 2614 ,
77 2587 202 2625 'vere
238 2579 417 2625 monet
446 2588 634 2624 curvas
663 2579 901 2624 materna
930 2588 1024 2640 per
1053 2587 1285 2637 aequora
1314 2588 1521 2640 puppes

149 2641 226 2696 ire
262 2660 360 2696 nec
389 2641 636 2697 hibernas
665 2642 774 2695 iam
803 2641 1039 2694 timuisse
1068 2640 1256 2693 minas.

78 2782 202 2838 Rite
231 2783 384 2838 deam
414 2783 607 2846 colitis,
636 2783 828 2836 Latiae
857 2792 1156 2851 matresque
1186 2800 1473 2852 nurusque,
1626 2782 1669 2825 1·
1704 2783 1811 2827 GK·

151 2864 204 2908 et
231 2873 350 2918 vos,
381 2855 500 2925 quis
529 2855 690 2907 vittae
719 2855 986 2924 longaque
1016 2854 1175 2907 vestis
1207 2854 1373 2907 abest.
1533 2838 1902 2896 A[PRIL·N³]

75 2942 240 2980 aurea
268 2943 561 2979 marmoreo
591 2925 899 2978 redimicula
928 2924 1121 2978 demite
1152 2924 1302 2987 collo,
1822 2942 1903 2983 135

151 2996 343 3051 demite
373 2996 606 3050 divitias:
639 3005 749 3048 tota
778 2995 1005 3048 lavanda
1035 2995 1135 3048 dea
1165 3005 1259 3048 est.

78 3085 241 3138 aurea
270 3068 464 3122 siccato
494 3067 803 3120 redimicula
829 3066 1033 3119 reddite
1065 3066 1223 3118 collo:

146 3156 293 3193 nunc
321 3139 410 3206 alii
439 3139 618 3201 flores,
647 3157 789 3191 nunc
819 3155 959 3190 nova
989 3137 1165 3190 danda
1192 3155 1314 3190 rosa
1344 3146 1440 3191 est.

77 3224 177 3263 =vos
206 3227 417 3279 quoque
447 3210 548 3263 sub
579 3209 734 3262 viridi
763 3218 934 3279 myrto
965 3208 1111 3261 iubet
1138 3208 1256 3279 ipsa
1285 3208 1476 3262 lavari:

95 3291 99 3296 '
134 3297 443 3350 causaque,
475 3300 569 3334 cur
597 3280 800 3344 iubeat,
828 3310 902 3318 —-
929 3278 1137 3332 discite!
1168 3309 1240 3317 —
1270 3290 1414 3333 certa
1444 3280 1644 3335 subest.
1822 3299 1905 3339 140

79 3347 234 3404 litore
264 3351 494 3406 siccabat
523 3361 758 3405 rorantes
787 3351 932 3404 nuda
962 3350 1201 3420 capillos:

153 3421 399 3476 viderunt
431 3422 633 3492 Satyri,
663 3423 821 3475 turba
849 3431 1117 3492 proterva,
1150 3421 1321 3475 deam.

75 3491 248 3571 *sensit
277 3502 328 3546 et
357 3494 597 3564 opposita
626 3493 757 3548 texit
787 3512 884 3547 sua
913 3511 1135 3563 corpora
1164 3502 1353 3563 myrto-
