2158 3906
355 294 424 348 98
912 301 965 344 Ρ.
998 300 1204 346 OV1D11
1233 298 1503 344 NASONIS

965 483 1157 527 LIBER
1189 482 1450 529 SEXTUS.

360 619 466 671 Hic
498 634 707 685 quoque
738 614 930 667 mensis
961 614 1121 667 habet
1153 614 1340 666 dubias
1370 613 1426 667 in
1454 613 1664 667 nomine
1697 633 1911 668 causas:

433 707 568 756 quae
600 688 866 755 placeant,
898 685 1081 754 positis
1113 685 1357 737 omnibus
1386 685 1498 754 ipse
1528 685 1690 754 leges.

361 760 502 811 facta
533 777 734 809 canam.
810 756 902 809 sed
934 765 1108 818 erunt,
1140 755 1231 823 qui
1262 774 1344 808 me
1374 755 1589 808 finxisse
1619 756 1910 824 loquantur

432 829 681 896 nullaque
712 827 921 882 mortali
950 827 1169 879 numina
1199 826 1312 878 visa
1341 835 1543 895 putent.

305 918 329 955 5
363 910 440 953 est
471 899 600 951 deus
630 899 685 950 in
715 898 889 960 nobis3
922 898 1154 967 agitante
1187 897 1494 949 calescimus
1525 897 1638 950 illo:

432 970 662 1039 impetus
692 969 777 1021 hic
808 987 987 1022 sacrae
1020 968 1220 1021 semina
1248 967 1440 1020 mentis
1470 967 1647 1022 habet.

362 1042 443 1094 fas
473 1040 600 1092 mihi
629 1040 911 1110 praecipue
941 1040 1115 1092 voltus
1145 1039 1338 1091 vidisse
1371 1038 1605 1101 deorum,

437 1113 518 1165 vel
550 1112 672 1179 quia
704 1131 821 1163 sum
851 1120 1023 1173 vateS,
1054 1110 1139 1163 vel
1170 1110 1295 1178 quia
1325 1127 1474 1162 sacra
1504 1128 1651 1162 canc.

302 1237 305 1242 ,
365 1193 444 1238 est
473 1202 659 1236 nemus
691 1182 966 1235 arboribus
998 1181 1243 1242 densum,
1276 1191 1508 1235 secretus
1540 1181 1607 1232 ab
1638 1180 1783 1233 omni

281 1272 334 1310 10
436 1272 565 1307 voce
595 1255 766 1316 locus,
799 1254 842 1305 si
872 1271 978 1305 non
1009 1253 1399 1322 obstreperetur
1429 1251 1593 1318 aquis,

364 1324 449 1377 hic
481 1343 580 1394 ego
613 1324 954 1392 quaerebam,
987 1323 1159 1392 coepti
1189 1341 1326 1391 quae
1356 1322 1550 1375 mensis
1581 1322 1729 1391 origo

437 1405 596 1458 esset,
630 1405 681 1448 et
709 1395 763 1447 in
795 1414 920 1447 cura
950 1394 1175 1446 nominis
1206 1393 1362 1446 huius
1394 1412 1553 1446 eram.

366 1485 487 1520 ecce
519 1467 642 1519 deas
674 1466 806 1528 vidi,
837 1496 908 1503 —
936 1484 1042 1518 non
1073 1484 1203 1534 quas
1234 1473 1543 1534 praeceptor
1573 1464 1757 1515 arandi

304 1593 309 1598 ,
398 1597 405 1605 ‚
437 1538 662 1600 viderat,
695 1538 957 1590 Ascraeas
990 1555 1111 1589 cum
1142 1544 1449 1604 sequeretur
1480 1553 1604 1588 oves
1615 1555 1627 1596 3

282 1626 332 1664 15
364 1628 462 1662 nec
492 1627 623 1677 quas
653 1608 947 1663 Priamides
977 1607 1033 1660 in
1064 1625 1293 1675 aquosae
1324 1606 1550 1669 vallibus
1582 1605 1711 1658 Idae

439 1679 681 1732 contulit:
715 1699 780 1732 ex
808 1679 910 1731 illis
942 1679 1035 1732 sed
1065 1689 1240 1731 tamen
1271 1697 1378 1730 una
1407 1677 1523 1729 fuit.

368 1770 431 1804 ex
462 1751 562 1802 illis
593 1750 693 1802 fuit
723 1769 853 1812 una,
884 1750 967 1802 sui
995 1768 1248 1819 germana
1277 1748 1470 1800 mariti:

437 1821 568 1874 haec
600 1829 734 1883 erat,
766 1821 981 1890 agnovi,
1012 1838 1147 1888 quae
1181 1829 1282 1871 stat
1311 1819 1363 1870 in
1397 1836 1516 1870 arce
1546 1817 1706 1870 Iovis.

366 1892 672 1945 horrueram
702 1892 967 1960 tacitoque
999 1891 1232 1943 animum
1264 1889 1461 1959 pallore
1492 1889 1717 1942 fatebar.

283 1981 336 2018 20
437 1974 548 2015 tum
580 1963 702 2025 dea,
735 1980 866 2031 quos
895 1962 1046 2023 fecit,
1079 1961 1288 2013 sustulit
1317 1960 1434 2029 ipsa
1462 1970 1650 2012 metus.

367 2053 595 2103 namque
628 2033 700 2086 ait
731 2039 784 2084 ‘o
816 2042 987 2094 vateS‚
1018 2032 1243 2086 Romani
1277 2031 1515 2086 conditor
1545 2030 1685 2093 anni,

439 2124 565 2158 ause
596 2123 690 2174 per
721 2104 941 2174 exiguos
971 2123 1167 2173 magna
1196 2102 1391 2156 referre
1421 2102 1624 2164 modOS,

366 2176 447 2229 ius
479 2176 576 2227 tibi
605 2176 776 2228 fecisti
805 2194 1001 2228 numen
1032 2175 1256 2227 caeleste
1288 2173 1517 2236 videndi,

438 2266 560 2299 cum
590 2247 788 2315 placuit
818 2246 1048 2299 numeris
1079 2245 1304 2298 condere
1334 2243 1470 2298 fest-a
1500 2244 1619 2296 tuis.

285 2335 336 2372 25
368 2336 434 2371 ne
465 2327 642 2370 tamen
671 2317 882 2386 ignores
913 2316 1161 2385 volgique
1200 2334 1374 2369 errore
1403 2314 1650 2367 traharis:

440 2389 624 2440 Iunius
657 2407 688 2440 a
717 2397 895 2440 nostro
926 2387 1137 2439 nomine
1167 2405 1359 2438 nomen
1389 2385 1565 2437 habetss

370 2468 447 2513 est
479 2459 676 2526 aliquid
706 2459 947 2528 nupsisse
977 2457 1118 2519 Iovi,
1147 2457 1291 2509 Iovis
1324 2475 1438 2509 esse
1469 2474 1723 2509 sororem:

441 2530 600 2582 fratre
631 2529 826 2598 magis,
859 2528 1041 2581 dubito
1052 2567 1066 2591 ‚
1097 2527 1291 2598 glorier
1321 2546 1456 2580 anne
1487 2527 1616 2579 viro,

371 2601 414 2653 si
443 2619 611 2670 genus
643 2600 915 2669 aspicitur:
950 2599 1239 2652 Saturnum
1270 2598 1440 2668 prima
1470 2607 1742 2668 parentem

286 2688 340 2726 30
442 2672 568 2734 feci,
603 2670 819 2723 Saturni
850 2689 961 2723 sors
993 2689 1093 2740 ego
1124 2670 1295 2740 prima
1325 2669 1420 2721 fui.

372 2762 404 2796 a
433 2752 581 2812 patre
613 2742 752 2794 dicta
781 2760 899 2796 meo
931 2741 1199 2809 quondam
1231 2739 1480 2795 Saturnia
1509 2740 1682 2793 Roma
1712 2747 1820 2793 est:

442 2814 572 2866 haec
602 2813 677 2865 illi
706 2833 737 2865 a
768 2813 912 2865 caelo
943 2812 1184 2882 proxima
1214 2820 1354 2863 terra
1382 2810 1498 2862 fuit.

372 2884 417 2937 si
447 2894 591 2937 torus
620 2884 675 2936 in
705 2884 871 2954 pretio
903 2895 1004 2938 est:
1038 2884 1183 2937 dicor
1212 2892 1452 2936 matrona
1482 2881 1761 2944 Tonantis,

442 2955 724 3023 iunctaque
756 2954 984 3025 Tarpeio
1015 2963 1139 3008 sunt
1167 2972 1287 3006 mea
1317 2953 1514 3022 templa
1543 2952 1675 3004 Iovi.

288 3043 339 3080 35
372 3046 439 3079 an
469 3026 639 3095 potuit
669 3027 817 3078 Maio
848 3026 1035 3096 paelex
1067 3026 1191 3078 dare
1221 3025 1435 3076 nomina
1463 3023 1648 3084 mensi,

443 3097 527 3161 hic
558 3097 724 3148 honor
752 3098 808 3148 in
837 3097 988 3149 nobis
1018 3095 1306 3148 invidiosus
1339 3094 1469 3148 erit?

373 3185 466 3219 cur
495 3167 655 3236 igitur
684 3167 868 3236 regina
896 3185 1056 3219 vocor
1085 3166 1434 3236 princepsque
1465 3164 1717 3217 dearum?

443 3257 604 3290 'aurea
634 3256 727 3289 cur
758 3238 974 3290 dextrae
1007 3247 1212 3306 sceptra
1243 3235 1434 3288 dedere
1462 3235 1644 3286 meae?

374 3329 441 3362 an
471 3308 666 3360 facient
694 3327 928 3360 mensem
958 3308 1126 3367 luces,
1159 3306 1470 3373 Lucinaque
1503 3305 1569 3356 ab
1600 3305 1706 3356 illis-

287 3398 343 3436 40
447 3379 591 3431 dicar
621 3387 672 3431 et
702 3398 733 3430 a
761 3379 904 3430 nullo
934 3377 1146 3429 nomina
1176 3395 1355 3428 mense
1386 3375 1622 3428 traham?

377 3461 490 3503 tum
521 3468 604 3503 me
635 3450 898 3519 paeniteat
927 3448 1166 3519 posuisse
1197 3447 1419 3500 fideliter
1448 3446 1551 3498 iras
