2158 3906
372 282 441 334 72
927 291 984 334 P.
1017 290 1223 336 OVIDII
1252 290 1524 337 NASONIS

372 393 748 463 Persephonen
779 401 958 444 natam
987 392 1211 444 miserae
1242 402 1530 445 monstrate
1562 393 1822 462 parentil’

259 484 342 524 580
446 465 662 516 dixerat.
736 463 859 514 huic
889 462 1078 515 Helice
1109 462 1234 514 talia
1263 463 1427 516 verba
1455 463 1639 516 refert:
1815 524 1826 533 f

374 534 613 588 ‘crimine
643 551 751 585 nox
781 551 952 585 vacua
983 542 1076 585 est.
1154 531 1334 586 Solem
1365 534 1431 587 de
1461 534 1666 604 virgine
1695 544 1854 605 rapta.

444 605 681 664 consule,
714 603 804 670 qui
835 603 939 655 late
970 602 1111 655 facta
1142 604 1329 656 diurna
1358 605 1517 658 videt.

377 675 470 728 Sol
501 674 671 726 aditus
687 679 887 741 -r‘quam
919 673 1172 741 quaeris,'
1205 675 1278 727 ait
1310 680 1399 728 ‘ne
1429 694 1568 728 vana
1596 676 1825 738 laboreS,

304 798 307 803 ,
444 754 610 813 nupta
639 744 782 796 Iovis
814 744 964 796 frat-ri
994 745 1147 797 tertia
1176 764 1341 815 regna
1371 747 1545 800 tenet!

258 835 339 874 585
373 825 558 884 questa
589 815 680 867 diu
712 833 891 867 secum
922 814 997 867 sic
1028 825 1107 868 est
1137 816 1317 868 adfata
1346 816 1661 879 Tonantem,

443 885 779 953 maximaque
809 886 862 937 in
894 886 1040 938 voltu
1072 886 1224 955 signa
1254 887 1476 939 dolentis
1508 897 1679 940 erant:

373 956 443 1009 ‘si
473 974 675 1010 memor
705 974 760 1009 es
771 995 786 1019 ,
819 957 884 1009 de
915 974 1021 1024 quo
1051 957 1180 1008 mihi
1211 957 1278 1009 sit
1307 957 1628 1028 Proserpina
1658 966 1802 1020 nata,

444 1026 719 1079 dimidium
751 1046 908 1080 curae
939 1027 1098 1080 debet
1128 1028 1322 1081 habere
1352 1038 1491 1082 tuae.

300 1150 307 1154 ,
372 1098 498 1162 orbe
530 1108 795 1167 pererrato
828 1099 938 1150 sola
969 1109 1047 1151 est
1075 1099 1266 1152 iniuria
1296 1099 1422 1152 facti
1464 1145 1467 1147 .

257 1187 340 1227 590
444 1169 653 1237 cognita
684 1169 972 1221 commissi:
1004 1170 1237 1239 praemia
1267 1180 1446 1240 raptor
1474 1170 1650 1224 habet.

371 1248 426 1291 at
454 1258 628 1307 neque
657 1239 998 1309 Persephone
1030 1241 1192 1310 digna
1222 1251 1301 1294 est
1328 1242 1597 1310 praedone
1627 1241 1838 1304 maritO,

442 1329 540 1362 nec
570 1329 733 1380 gener
763 1310 864 1364 hoc
894 1311 1046 1363 nobis
1077 1330 1221 1364 more
1252 1312 1518 1381 parandus
1550 1323 1676 1365 erat.

372 1381 500 1449 quid
530 1381 745 1450 gravius
776 1382 972 1435 victore
1005 1380 1164 1451 Gyge
1196 1383 1405 1452 captiva
1435 1383 1690 1444 tulissem,

307 1504 310 1507 .
444 1469 602 1519 quam
633 1471 774 1504 nunc
805 1461 856 1505 te
888 1453 1018 1505 caeli
1050 1462 1257 1522 sceptra
1287 1463 1496 1506 tenente
1527 1454 1653 1505 tuli?

258 1541 340 1580 595
373 1541 558 1576 verum
588 1523 804 1591 impune
836 1523 993 1585 ferat3
1025 1543 1120 1576 nos
1151 1524 1282 1576 haec
1312 1525 1574 1593 patiemur
1603 1524 1829 1577 inultae:

443 1593 630 1645 reddat
660 1603 711 1646 et
742 1594 985 1646 emendet
1014 1594 1156 1647 facta
1185 1595 1359 1663 priora
1388 1595 1573 1648 novis.’

372 1664 614 1733 Iuppiter
643 1663 779 1717 hanc
809 1665 936 1717 lenit
966 1665 1272 1733 factumque
1304 1675 1521 1718 excusat
1552 1684 1744 1726 amore,

445 1741 566 1787 ‘nec
597 1754 761 1804 gener
791 1745 870 1788 est
899 1736 1051 1788 nobis
1082 1737 1168 1789 ille
1198 1736 1501 1806 pudendus’
1535 1736 1622 1788 ait.

307 1858 312 1863 ,
346 1811 503 1858 ·‘non
536 1823 634 1874 ego
664 1806 905 1859 nobilior.
980 1807 1153 1876 posita
1184 1816 1260 1859 est
1294 1806 1421 1858 mihi
1450 1807 1598 1876 regia
1628 1806 1801 1859 caelo:

259 1894 341 1934 600
442 1876 676 1944 possidet
706 1877 836 1928 alter
866 1894 1054 1945 aquaS‚
1086 1878 1217 1930 alter
1246 1877 1402 1930 inane
1433 1877 1610 1930 chaos.

372 1947 465 2000 sed
497 1947 540 1998 si
570 1946 705 2000 forte
736 1946 830 1999 tibi
859 1966 967 2000 non
996 1958 1076 2001 est
1104 1948 1358 2001 mutabile
1388 1958 1590 2017 pectUS,

443 2027 651 2085 statque
682 2019 843 2071 semel
874 2019 1040 2071 iuncti
1068 2038 1313 2089 rumpere
1344 2019 1518 2071 vincla
1547 2018 1670 2071 tori:

369 2087 470 2140 hoc
501 2106 712 2156 quoque
743 2098 1086 2159 temptemus,
1120 2090 1380 2158 siquidem
1411 2090 1586 2143 ieiuna
1615 2090 1896 2153 remansit3

308 2211 313 2218 x
443 2159 486 2211 si
516 2159 714 2221 minue,
745 2159 938 2212 inferni
968 2161 1207 2229 coniugis
1238 2179 1374 2213 uxor
1404 2161 1535 2214 erit.’

258 2247 338 2286 605
371 2230 595 2282 Tartara
624 2231 799 2283 iussus
830 2231 939 2283 adit
970 2231 1192 2301 sumptis
1224 2230 1512 2285 Caducifer
1541 2232 1636 2285 alis
1694 2285 1699 2292 ,

442 2319 639 2370 speque
670 2301 805 2354 redit
835 2302 986 2355 citius
1017 2303 1236 2370 visaque
1267 2311 1410 2355 certa
1439 2303 1614 2355 refert.

373 2376 548 2439 ‘rapta
579 2371 768 2423 tribus'
802 2372 932 2424 dixit
963 2373 1142 2425 ‘solvit
1171 2373 1366 2426 ieiunia
1396 2374 1591 2443 graniS,

441 2441 648 2494 Punica
679 2460 815 2509 quae
845 2443 987 2495 lento
1020 2443 1211 2496 cortice
1241 2462 1399 2513 poma
1428 2444 1649 2513 tegunt?

371 2511 514 2563 haud
546 2531 696 2565 secus
726 2512 972 2575 indoluit,
1004 2531 1163 2581 quam
1193 2515 1237 2566 si
1266 2514 1423 2567 modo
1454 2525 1605 2584 rapta
1634 2514 1840 2577 fuisset,

259 2600 341 2638 610
444 2591 645 2635 maesta
676 2602 862 2652 parens
874 2604 887 2646 3
918 2585 1079 2654 longa
1109 2585 1304 2652 vixque
1335 2585 1532 2638 refecta
1561 2604 1708 2637 mora
1738 2595 1819 2637 est

371 2662 528 2720 atque
559 2653 633 2706 ita
663 2659 783 2707 ‘nec
812 2655 965 2707 nobis
997 2656 1201 2709 caelum
1232 2666 1311 2708 est
1340 2655 1650 2708 habitabile'
1684 2655 1844 2708 dixit:

443 2724 729 2776 ‘Taenaria
758 2725 920 2794 recipi
950 2745 1035 2779 me
1066 2744 1277 2794 quoque
1308 2727 1444 2779 valle
1474 2727 1632 2780 iube.'

371 2804 423 2846 et
452 2794 659 2847 factura
687 2795 811 2858 fuit,
842 2806 1029 2865 pactus
1058 2798 1160 2849 nisi
1189 2797 1428 2867 Iuppiter
1458 2808 1612 2859 esset,

442 2865 520 2917 bis
552 2866 719 2919 tribus
750 2875 811 2918 ut
841 2868 986 2920 caelo
1017 2868 1286 2921 mensibus
1316 2868 1406 2921 illa
1435 2869 1587 2921 foret.

256 2952 336 2991 615
369 2946 483 2988 tum
514 2937 727 2989 demum
759 2938 1063 3007 voltumque
1097 2938 1259 2992 Ceres
1290 2939 1629 3007 animumque
1659 2937 1879 3008 recepit,

437 3007 792 3077 imposuitque
823 3027 949 3062 suae
980 3010 1155 3079 spicea
1186 3020 1324 3063 serta
1354 3028 1560 3063 comae:

366 3077 620 3146 largaque
650 3079 890 3148 provenit
922 3081 1137 3133 cessatis
1166 3080 1351 3133 messis
1380 3080 1436 3132 in
1466 3080 1622 3142 arviS,

439 3158 491 3200 et
520 3148 609 3200 vix
640 3166 736 3201 con
780 3159 917 3202 estas
949 3169 1071 3203 area
1101 3151 1238 3219 cepit
1269 3168 1412 3219 opeS.

369 3218 488 3270 alba
520 3219 706 3271 decent
789 3238 1013 3272 ererem:
1047 3222 1203 3272 vestis
1237 3218 1547 3272 Cerealibus
1580 3220 1731 3272 albas

253 3304 337 3344 620
439 3288 649 3351 sumite3
681 3306 822 3342 nunc
850 3289 982 3358 pulli
1013 3291 1217 3343 velleris
1248 3308 1375 3342 usus
1407 3289 1571 3342 abest.
