2158 3906
320 356 425 409 262
453 351 457 354 ’
873 366 928 410 Ρ.
962 365 1168 412 ov1D11
1197 365 1468 412 NASONIS

322 487 420 522 nec
450 488 568 522 mea
597 468 758 520 verba
786 467 943 535 legis,
975 467 1067 535 qui
1098 486 1215 534 sum
1246 478 1539 522 summotus
1570 469 1639 522 ad
1669 470 1931 533 Histrum,

393 558 500 591 non
528 539 663 591 bene
693 538 892 607 pacatis
922 538 1140 590 flumina
1169 547 1294 608 pota
1325 537 1502 592 Getis:

323 609 425 662 ista
456 609 539 662 dei
569 626 674 660 vox
705 617 806 671 est,
838 608 968 662 deus
1000 618 1079 662 est
1107 609 1162 661 in
1191 619 1402 679 pectore
1433 620 1636 674 nostr03

393 680 523 732 haec
554 679 688 732 duce
718 679 965 749 praedico
995 679 1356 750 vaticinorque
1387 681 1502 734 deo.

239 766 290 805 95
322 750 450 819 quid
481 768 654 803 cessas
685 768 896 814 currum
925 769 1280 821 pompamque
1309 771 1495 821 parare
1525 751 1822 823 triumphis,

393 820 582 874 Livia?
614 820 740 891 dant
768 821 939 874 nullas
970 822 1076 874 iam
1105 823 1201 874 tibi
1230 823 1370 875 bella
1398 841 1589 876 moraS.

322 892 525 962 perfida
554 891 828 946 damnatas
861 891 1152 947 Germania
1181 893 1369 963 proicit
1398 893 1601 947 hastas:

394 963 499 1015 iam
528 962 736 1032 pondus
767 963 908 1017 dices
940 981 1095 1017 omen
1124 964 1320 1018 habere
1349 983 1544 1018 meum.

325 1034 502 1096 crede,
535 1034 787 1102 brevique
815 1034 946 1088 fides
979 1034 1161 1087 aderit.
1235 1035 1526 1105 geminabit
1555 1035 1807 1089 honorem

213 1120 293 1158 100
394 1105 531 1156 filius
562 1113 614 1158 et
643 1105 833 1158 iunctis
864 1115 921 1158 ut
951 1106 1097 1175 prius
1127 1106 1224 1159 ibit
1254 1106 1419 1175 equis.

324 1194 530 1246 prome,
562 1176 705 1244 quod
733 1176 917 1230 inicias
946 1176 1141 1230 umeris
1172 1177 1482 1239 victoribus,
1515 1186 1715 1229 ostrum
1725 1198 1739 1240 3
1799 1240 1802 1242 q

394 1247 511 1316 ipsa
539 1256 713 1316 potest
744 1248 956 1300 solitum
985 1266 1140 1301 nosse
1171 1266 1364 1302 corona
1394 1257 1575 1318 caput3

325 1328 475 1371 scuta
506 1318 599 1370 sed
629 1327 679 1371 et
708 1319 892 1388 galeae
923 1319 1145 1389 gemmis
1176 1320 1446 1372 radientur
1476 1328 1529 1372 et
1559 1337 1704 1381 aum,

397 1397 638 1457 stentque
670 1408 828 1460 super
857 1390 1060 1443 vinctos
1091 1399 1277 1443 trunca
1307 1399 1524 1460 tropaea
1553 1389 1692 1443 viros
1702 1411 1716 1453 3

215 1475 293 1513 105
327 1460 521 1530 oppida
552 1459 748 1513 turritis
779 1461 1059 1531 cingantur
1089 1462 1322 1515 eburnea
1351 1461 1532 1524 muris,

396 1531 623 1598 fictaque
653 1550 736 1584 res
770 1550 894 1585 vero
925 1549 1069 1585 more
1098 1542 1314 1602 putetur
1343 1532 1447 1602 agi.

326 1601 595 1669 squalidus
625 1601 888 1656 immissos
918 1602 1086 1656 fracta
1116 1603 1214 1655 sub
1244 1603 1539 1656 harundine
1571 1602 1740 1656 crines

396 1672 616 1726 Rhenus
646 1682 699 1726 et
726 1672 948 1726 infectas
979 1674 1235 1744 sanguine
1266 1682 1439 1744 portet
1469 1691 1650 1742 aquas.

325 1743 552 1796 barbara
580 1743 686 1796 iam
718 1744 857 1814 capti
888 1754 1111 1815 poscunt
1140 1745 1368 1815 insignia
1396 1763 1566 1814 regeS,

215 1829 296 1868 110
397 1823 644 1883 textaque
673 1814 885 1868 fortuna
915 1815 1158 1868 divitiora
1189 1835 1308 1867 sua:

326 1894 379 1938 et
408 1903 544 1953 quae
575 1894 847 1955 praeterea
877 1886 1042 1938 virtus
1072 1886 1267 1938 invicta
1297 1895 1510 1938 tuorum

399 1975 556 2026 saepe
585 1964 770 2026 parata
799 1956 918 2019 tibi,
951 1975 1107 2026 saepe
1138 1956 1375 2026 paranda
1403 1955 1547 2008 facit.

327 2026 403 2089 di,
435 2045 661 2095 quorum
690 2028 893 2080 monitu
924 2046 1105 2080 sumus
1136 2036 1390 2081 eventura
1419 2027 1598 2089 locuti,

398 2098 582 2161 verba,
614 2116 822 2168 precor,
854 2098 1011 2152 celeri
1040 2107 1218 2153 nostra
1247 2098 1468 2168 probate
1499 2096 1626 2152 fide!

1146 2213 1215 2267 V.

263 2302 268 2309 .
328 2308 507 2375 Quam
522 2311 670 2381 legis,
694 2311 836 2365 unde
853 2312 948 2364 tibi
963 2311 1199 2364 mittatur
1214 2310 1456 2380 epistula,
1480 2310 1721 2379 quaeris?
1761 2309 2038 2353 MAXIMO

399 2381 544 2444 hinc,
576 2381 669 2434 ubi
700 2383 952 2435 caeruleis
982 2382 1216 2452 iungitur
1246 2382 1429 2435 Hister
1458 2382 1625 2450 aquis.
1772 2366 2035 2410 COTTAE'·

327 2459 387 2503 ut
416 2452 562 2522 regio
595 2453 735 2505 dicta
766 2462 867 2516 est,
898 2471 1202 2506 succurrere
1234 2453 1392 2506 debet
1422 2461 1474 2505 et
1503 2460 1702 2515 auctor,

399 2522 573 2575 laesus
605 2523 672 2575 ab
703 2523 915 2593 ingenio
944 2524 1090 2576 Naso
1120 2533 1278 2592 poeta
1307 2541 1420 2575 suo·

272 2610 298 2648 5
331 2593 421 2660 qui
451 2593 570 2656 tibi,
602 2612 762 2661 quam
791 2595 970 2647 mallet
1000 2613 1248 2663 praesens
1280 2594 1486 2647 adferre
1517 2594 1756 2657 salutem,

402 2663 558 2716 mittit
588 2664 655 2717 ab
686 2664 923 2727 hirsutis,
956 2665 1195 2718 Maxime
1227 2662 1410 2727 Cotta,
1443 2663 1613 2718 Getis.

329 2734 579 2804 legimUS,
611 2753 641 2787 o
672 2735 877 2788 iuvenis
907 2736 1062 2805 patrii
1092 2753 1198 2788 non
1229 2735 1460 2804 degener
1490 2735 1611 2798 oriS,

402 2805 541 2858 dicta
571 2806 665 2858 tibi
696 2807 851 2876 pleno
882 2807 1045 2860 verba
1075 2806 1269 2859 diserta
1297 2807 1430 2859 foro.

330 2893 467 2944 quae
496 2894 819 2946 quamquam
848 2878 1030 2947 lingua
1060 2877 1187 2929 mihi
1217 2887 1338 2930 sunt
1368 2886 1682 2948 properante
1712 2896 1808 2948 per
1837 2877 1992 2932 horas

247 2964 299 3002 10
402 2948 538 3000 lecta
567 2948 692 3001 satis
722 2949 938 3011 multae,
970 2967 1139 3018 pauca
1168 2948 1331 3002 fuisse
1361 2966 1567 3017 queror.

300 3027 303 3029 ’
330 3018 483 3087 plura
513 3019 605 3072 sed
635 3019 765 3073 haec
795 3019 898 3073 feci
927 3020 1208 3089 relegendo
1240 3037 1420 3089 saepe,
1450 3037 1548 3073 nec
1578 3037 1832 3089 umquam

402 3107 507 3141 non
538 3089 688 3152 mihi,
720 3108 881 3160 quam
910 3091 1102 3161 primo,
1133 3099 1286 3160 grata
1315 3091 1464 3143 fuere
1494 3091 1679 3160 magis.

332 3178 558 3228 cumque
588 3161 936 3216 nihil-totiens
965 3162 1100 3215 lecta
1131 3180 1159 3214 e
1191 3160 1467 3214 dulcedine
1497 3161 1736 3231 perdant,

404 3231 602 3283 viribus
632 3232 722 3285 illa
752 3232 884 3294 suis,
915 3251 1020 3284 non
1050 3231 1304 3293 novitate,
1335 3232 1559 3301 placent.

250 3316 301 3355 15
332 3299 537 3363 felices,
569 3302 760 3369 quibus
792 3302 922 3355 haec
952 3303 1067 3372 ipso
1099 3320 1414 3372 cognoscere
1445 3301 1500 3354 in
1530 3310 1653 3354 actu

404 3380 456 3425 et
485 3381 595 3424 tam
623 3372 853 3425 facundo
885 3372 1103 3442 contigit
1133 3391 1222 3425 ore
1252 3371 1380 3424 frui!

332 3461 457 3495 nam
486 3461 807 3511 quamquam
839 3461 994 3513 sapor
1024 3452 1102 3495 est
1132 3442 1306 3495 adlata
1337 3442 1504 3496 dulcis
1535 3443 1590 3496 in
1620 3444 1778 3506 unda,

404 3513 603 3583 gratius
635 3533 701 3568 ex
730 3514 845 3584 ipso
876 3514 1020 3568 fonte
1052 3513 1305 3567 bibuntur
1336 3532 1518 3583 aquae.
