2158 3906
485 355 575 401 Ex
603 355 821 402 PONTO
851 355 974 405 ΜΒ.
1003 355 1067 401 11.
1098 354 1163 413 11,
1191 354 1395 413 55—111,
1426 354 1496 400 14.

111 459 238 517 ‘hoc
265 457 396 531 petit
427 465 481 513 et
509 456 695 522 frater,
722 456 970 527 ,quamvis
1002 456 1224 512 fortasse
1254 466 1481 520 veretur,

111 582 114 585 .
207 527 453 585 servandi
481 536 670 582 noceat
700 547 766 582 ne
797 528 892 581 tibi
920 546 1048 581 cura
1078 528 1203 591 mei;

112 609 246 657 'tota
275 599 464 654 domus
491 608 645 669 rogat
674 598 789 652 hoc.
864 617 963 652 nec
994 607 1051 651 tu
1081 608 1230 669 potes
1259 599 1373 670 ipse
1403 616 1615 669 negare,

116 679 118 683 ’
209 680 260 726 et
289 688 385 724 nos
415 669 471 723 in
499 669 685 723 turbae
716 678 864 739 parte
894 669 1056 723 fuisse
1087 679 1226 723 tuae.

108 776 110 779 v
134 734 335 815 ingenii
365 748 531 804 certe,
562 757 669 809 quo
699 758 795 793 nos
825 741 963 794 male
993 740 1251 794 sensimus
1282 758 1423 803 usos,

30 865 31 887 χ
115 858 117 862 1
208 811 431 866 Artibus
463 811 721 882 exceptis,
754 829 910 883 saepe
940 811 1190 881 probator
1219 830 1351 865 eras.

123 901 235 939 'nec
265 901 405 948 mea,
436 881 481 941 si
510 890 716 936 tantum
746 891 964 953 peccata
993 881 1280 936 novissima
1309 882 1508 946 demas,

111 991 113 995 -
208 973 322 1009 esse
351 962 525 1025 potest
555 953 735 1006 domui
766 953 874 1007 vita
904 953 1152 1024 pudenda
1181 963 1321 1007 tuae.

133 1023 213 1080 sic
240 1024 402 1096 igitur
430 1032 635 1079 vestrae
665 1024 880 1108 vigeant
909 1024 1197 1095 penetralia
1226 1024 1417 1095 gentiS,

207 1113 438 1166 curaque
469 1095 535 1149 sit
565 1114 769 1166 superis
801 1093 1228 1164 Caesaribusque
1254 1095 1357 1148 tui:

134 1165 284 1230 mite,
315 1166 409 1221 sed
437 1166 630 1222 iratum
659 1166 845 1221 merito
876 1165 1004 1219 mihi
1034 1185 1230 1220 numen
1261 1166 1437 1228 adora,

27 1293 28 1300 ,
102 1294 120 1306 Ὺ,
207 1237 408 1292 eximar
435 1246 496 1292 ut
527 1236 765 1308 Scythici
795 1237 861 1291 de
891 1237 1097 1291 feritate
1127 1236 1244 1289 loci.

28 1320 29 1323 ’
111 1306 348 1377 difficile
378 1317 480 1372 est,
512 1308 719 1363 fateorz.
738 1309 831 1362 sed
861 1308 1025 1362 tendit
1055 1307 1110 1359 in
1140 1306 1305 1360 ardua
1336 1306 1519 1369 virtus,

26 1382 28 1442 ζ
205 1388 257 1434 et
286 1379 404 1434 talis
435 1379 606 1434 meriti
634 1379 808 1450 gratia
836 1378 1003 1433 maior
1032 1378 1144 1431 crit.

25 1453 28 1513 ᾗ
103 1450 231 1511 ‚ssnec
263 1459 440 1505 tamen
469 1451 744 1504 Aetnaeus
775 1458 925 1503 vasto
955 1447 1319 1519 Polyphemus
1349 1448 1404 1501 in
1434 1456 1584 1500 antro

25 1521 28 1591 ζ
111 1539 113 1542 ·
204 1521 428 1592 accipiet
456 1540 612 1576 voces
642 1520 1032 1591 Antiphatesve
1062 1528 1204 1571 tuas:

26 1624 27 1635 π
110 1592 227 1662 μοι]
256 1591 495 1664 placidus
525 1590 800 1660 facilisque
831 1609 1022 1662 parens
1053 1589 1346 1658 veniaeque
1376 1597 1609 1659 paratus,

24 1667 28 1725 ,ἐ
204 1672 256 1718 et
284 1664 374 1733 qui
404 1662 657 1717 fulmineo
688 1680 846 1733 saepe
878 1661 989 1715 sine
1019 1660 1143 1732 igne
1174 1669 1344 1723 tonat3

25 1756 28 1775 =
107 1734 224 1805 ‘qui
254 1753 375 1789 cum
404 1733 551 1788 triste
582 1733 781 1803 aliquid
811 1732 1016 1795 statuit,
1048 1732 1106 1785 fit
1135 1730 1295 1785 tristis
1326 1739 1378 1784 et
1408 1729 1538 1801 ipse,

24 1874 26 1882 Ι
106 1835 110 1858 ι
206 1805 396 1875 cuique
426 1805 537 1860 fere
567 1823 794 1876 poenam
824 1822 1031 1858 sumere
1061 1821 1233 1875 poena
1263 1821 1362 1855 sua
1391 1811 1487 1855 est.

104 1938 106 1944 p
130 1874 272 1931 victa
300 1885 479 1931 tamen
507 1876 635 1931 vitio
666 1884 747 1931 est
774 1875 932 1929 huius
963 1874 1242 1929 clementia
1270 1881 1467 1935 nostre,

203 1947 348 2002 venit
379 1956 430 2002 et
459 1947 528 2001 ad
556 1947 694 2001 vires
724 1946 803 2000 ira
831 1956 1015 2001 coacta
1044 1964 1185 1999 suas.

130 2017 226 2089 qui
255 2018 506 2088 quoniam
536 2017 708 2089 patria
736 2026 847 2072 toto
878 2036 1060 2071 sumus
1091 2016 1218 2069 orbe
1248 2015 1452 2078 remoti,

203 2107 302 2144 nec
332 2090 455 2143 licet
484 2099 606 2143 ante
635 2089 778 2160 ipsos
808 2088 1153 2160 procubuisse
1185 2087 1329 2149 deos,

119 2177 264 2231 ¹quos
296 2161 447 2224 colia,
479 2161 549 2214 ad
579 2178 797 2231 superos
828 2159 960 2214 haec
990 2159 1071 2213 fer
1100 2158 1352 2211 mandata
1380 2156 1643 2219 sacerdos,

104 2290 105 2294 ,
204 2230 340 2285 adde
371 2231 467 2286 sed
497 2239 550 2286 et
578 2231 815 2303 proprias
847 2231 916 2284 ad
944 2249 1065 2284 mea
1094 2229 1259 2283 verba
1288 2246 1488 2299 preces.

19 2304 24 2358 2
129 2300 208 2356 sic
236 2311 414 2356 tamen
441 2301 577 2357 haec
609 2311 833 2373 tempta,
866 2302 910 2355 si
938 2320 1045 2355 non
1075 2300 1315 2354 nocitura
1345 2298 1572 2370 putabis.

18 2373 23 2394 ⁴
201 2372 468 2444 ignosces:
500 2374 660 2428 timeo
690 2373 982 2444 naufragus
1014 2391 1169 2426 omne
1199 2371 1411 2424 fretum.

932 2486 1037 2539 ΙΙΙ.

15 2587 79 2658 ¹3⁵*
128 2585 396 2650 Maxime,
428 2585 520 2657 qui
550 2586 702 2640 claris
732 2605 925 2640 nomen
955 2585 1237 2639 virtutibus
1268 2601 1482 2653 aequas,

53 2657 60 2680 “·
86 2667 87 2670 ’
202 2676 301 2712 nec
331 2657 457 2710 sinis
487 2657 760 2727 ingenium
790 2657 1062 2711 nobilitate
1091 2656 1276 2726 premi,

20 2860 21 2863 Ἴ
204 2817 512 2869 supremum
540 2799 680 2852 vitae
710 2808 918 2869 tempus
949 2798 1188 2866 adusque
1218 2816 1392 2850 meae:

36 2865 61 2893 “
130 2888 243 2924 rem
273 2869 428 2932 faciS,
459 2869 713 2922 afflictum
743 2887 851 2921 non
880 2877 1151 2922 aversatus
1185 2868 1430 2930 amicum,

203 2958 310 3009 qua
338 2943 445 2994 n'on
476 2948 556 2994 est
585 2958 717 2993 aevo
746 2940 912 2992 rarior
940 2940 1049 2992 ulla
1078 2948 1186 2991 tuo,

206 3082 398 3153 vulgus
429 3081 684 3135 amicitias
716 3081 938 3134 utilitate
968 3080 1171 3150 probat.

54 3267 77 3274 ⁴.
207 3232 260 3277 et
288 3241 410 3278 cum
439 3223 652 3277 fortuna
681 3232 890 3292 statque
921 3223 1167 3290 caditque
1197 3221 1344 3274 fides.

132 3311 235 3347 :nec
263 3294 418 3349 facile
446 3295 684 3349 invenias
714 3295 892 3347 multis
921 3294 978 3346 in
1006 3292 1218 3346 milibus
1246 3310 1432 3355 unum,

209 3365 454 3418 virtutem
483 3367 709 3436 pretium
740 3366 832 3434 qui
862 3373 1011 3436 putet
1041 3383 1155 3418 esse
1186 3364 1284 3416 sui.

47 3499 54 3507 ¹·
95 3470 97 3475 -
136 3433 250 3506 ipse
281 3435 461 3500 decor,
490 3446 632 3491 recte
661 3437 788 3490 facti
818 3437 863 3490 si
891 3435 1127 3507 praemia
1156 3435 1344 3498 desint,

47 3509 54 3526 ·’
209 3523 317 3558 non
345 3515 546 3571 movet,
578 3517 628 3562 et
658 3507 821 3578 gratis
850 3507 1083 3579 paenitet
1113 3525 1229 3560 esse
1256 3505 1501 3577 probum.

20 3012 21 3045 ÷
52 3003 95 3075 ἶς’,
131 3018 286 3082 turpe
317 3011 532 3080 quidem
563 3011 730 3074 dictu,
762 3010 855 3064 sed
884 3040 956 3047 —
986 3010 1029 3062 si
1058 3009 1216 3061 modo
1247 3027 1372 3061 vera
1402 3007 1632 3060 fatemur
1658 3037 1733 3046 —

53 3086 62 3105 ‚

1740 341 1846 396 237

1880 541 1962 582 100

1881 895 1960 935 105

1879 1249 1961 1290 110

1881 1601 1960 1641 115

1878 1957 1959 1997 120

1878 2311 1959 2352 125

1663 2579 1960 2624 MAXIMO

1676 2636 1958 2680 COTTAE.

20 2751 23 2798 ᾗ
47 2717 103 2814 ,Ῐρ
130 2728 272 2782 culte
301 2727 531 2781 mihi.—
558 2729 688 2796 quid
717 2728 856 2782 enim
888 2738 1055 2782 status
1087 2727 1172 2780 hic
1203 2746 1237 2780 a
1265 2726 1451 2779 funere
1481 2723 1688 2778 differt?
1716 2752 1791 2762 -

133 3171 285 3216 cura,
314 3153 444 3222 quid
473 3153 743 3223 expediat,
774 3152 919 3222 prius
949 3160 1052 3214 est,
1086 3169 1247 3220 quam
1277 3149 1407 3219 quid
1435 3149 1503 3202 sit
1530 3148 1827 3212 honestum,

1878 3236 1930 3275 10
