2158 3906
351 292 455 345 120
899 299 955 342 Ρ.
987 297 1195 344 ov11>11
1223 266 1496 342 NASONIS

351 423 580 473 namque
612 422 674 455 ea
705 400 968 454 dissimilis
1001 398 1174 451 subito
1205 407 1286 451 est
1314 398 1505 451 effecta
1533 399 1709 468 priori,

424 475 703 540 flendaque
732 489 899 532 nunc,
932 470 1109 538 aliquo
1139 478 1376 551 tempore
1404 469 1545 521 laeta
1573 469 1690 521 fuit.

354 547 505 616 plura
535 543 749 611 quidem
779 541 1030 593 mandare
1039 539 1179 606 tibi,
1212 540 1255 592 si
1286 540 1519 608 quaeriS,
1549 539 1842 593 habebam:

426 615 519 668 sed
550 630 733 665 vereor
762 611 943 664 tardae
974 629 1136 663 causa
1164 610 1328 664 fuisse
1357 628 1552 663 morae.

243 703 322 743 125
356 696 407 739 et
438 686 505 747 si,
537 702 672 751 quae
704 682 955 744 subeunt,
986 690 1187 744 tecum,
1216 681 1375 744 liber,
1404 681 1581 733 omnia
1609 680 1792 743 ferres,

426 755 629 808 sarcina
657 753 829 805 laturo
858 771 1055 822 magna
1083 752 1293 804 futurus
1324 771 1456 804 eras.

354 828 514 895 longa
544 824 630 876 via
661 833 763 886 est,
795 823 1041 893 propera!
1077 822 1230 875 nobis
1259 822 1583 874 habitabitur
1613 821 1754 874 orbis

424 896 665 957 ultimuS,
697 913 729 947 a
758 903 898 947 terra
926 902 1066 947 terra
1094 903 1298 946 remota
1327 911 1463 945 mea.

1167 1007 1244 1058 ΙΙ.

353 1108 428 1160 Di
459 1107 618 1160 maris
650 1115 703 1159 et
733 1106 888 1169 caeli,
918 1135 991 1143 —
1007 1106 1148 1174 quid
1179 1105 1319 1158 enim
1348 1105 1450 1157 nisi
1479 1113 1602 1157 vota
1632 1103 1944 1174 supersunt?
1963 1129 2041 1147 -ο

427 1179 628 1231 solvere
659 1185 958 1258 quassatae
968 1177 1167 1246 parcite
1196 1177 1436 1229 membra
1464 1176 1608 1238 ratis,

354 1269 510 1311 neve,
541 1267 752 1319 precor,
783 1247 963 1317 magni
998 1248 1310 1300 subscribite
1342 1245 1631 1300 Caesaris
1617 1267 1672 1298 1r·
1663 1246 1747 1299 ael

428 1339 584 1389 saepe
616 1329 886 1389 premente
918 1319 1016 1371 deo
1047 1319 1170 1371 fert
1181 1319 1310 1370 deus
1342 1319 1473 1370 alter
1504 1328 1673 1386 opem.

298 1402 379 1449 5l
356 1391 664 1443 Mulciber
650 1410 705 1441 1n
734 1390 972 1452 Troiam,
1002 1408 1098 1458 pro
1129 1389 1291 1441 Troia
1322 1389 1495 1441 stabat
1524 1388 1743 1456 Apollo,

430 1480 599 1529 aequa
628 1461 813 1515 Venus
844 1460 1090 1522 Teucris,
1119 1460 1344 1512 Pallas
1330 1460 1510 1527 iniqua
1539 1459 1655 1510 fuit.

358 1532 540 1584 oderat
569 1532 791 1584 Aenean
822 1531 1036 1600 propior
1066 1530 1315 1584 Saturnia
1344 1530 1549 1582 Turno:

427 1603 514 1655 ille
545 1611 722 1655 tamen
750 1602 974 1655 Veneris
1004 1602 1218 1653 numine
1248 1610 1392 1653 tutus
1423 1609 1549 1653 erat.

292 1694 294 1698 ’
359 1692 515 1742 saepe
546 1673 695 1725 ferox
727 1681 940 1725 cautum
970 1672 1119 1741 petiit
1148 1673 1429 1741 Neptunus
1459 1670 1684 1723 Ulixen:

274 1761 327 1800 10
362 1755 368 1768 ⁴
431 1743 619 1812 eripuit
649 1752 836 1812 patruo
864 1754 1025 1812 'saepe
1054 1743 1302 1795 Minerva
1332 1760 1444 1794 suo.

358 1824 410 1867 et
438 1814 589 1866 nobis
621 1813 860 1882 aliquod,
891 1814 1133 1881 quamvis
1166 1813 1419 1864 distamus
1451 1812 1519 1864 ab
1549 1811 1667 1874 illis,

430 1885 556 1953 quid
587 1894 729 1936 vetat
757 1884 891 1936 irato
921 1903 1117 1937 numen
1149 1884 1333 1936 adesse
1365 1883 1498 1935 deo?

359 1957 521 2009 verba
550 1956 709 2007 miser
738 1955 934 2007 frustra
963 1973 1069 2007 non
1099 1954 1426 2024 proficientia
1455 1953 1638 2023 perdo.

428 2027 543 2095 ipsa
572 2044 761 2095 graves
794 2035 1050 2095 spargunt
1079 2043 1171 2077 ora
1199 2025 1459 2092 loquentis
1491 2042 1677 2092 aquae,

199 2147 204 2149 s
274 2113 325 2151 15
358 2096 709 2164 terribilisque
739 2106 895 2148 notus
924 2097 1084 2149 iactat
1113 2114 1233 2148 mea
1262 2096 1449 2158 verba,
1480 2112 1799 2164 precesque,

429 2169 496 2220 ad
526 2185 658 2235 quos
689 2167 993 2230 mittuntur,
1021 2185 1128 2219 non
1160 2167 1283 2219 sinit
1312 2167 1412 2229 ire,
1444 2167 1590 2219 deos,

359 2257 483 2308 ergo
513 2238 654 2291 idem
684 2239 852 2300 venti,
882 2257 950 2291 ne
982 2256 1143 2290 causa
1171 2237 1395 2290 laedar
1380 2257 1435 2289 1n
1464 2257 1588 2298 una,

430 2310 652 2377 velaque
682 2309 860 2361 nescio
891 2327 996 2376 quo
1027 2318 1254 2375 votaque
1285 2317 1464 2361 nostra
1494 2308 1686 2360 ferunt.

358 2399 442 2432 me
473 2380 747 2442 miserum,
779 2380 961 2447 quanti
990 2388 1195 2431 montes
1226 2380 1510 2431 volvuntur
1540 2375 1823 2446 aquaruml

273 2467 329 2506 20
430 2451 535 2502 iam
564 2451 671 2502 iam
701 2459 931 2502 tacturos
963 2450 1135 2501 sidera
1166 2468 1371 2501 summa
1400 2458 1571 2518 putes.

361 2530 589 2589 quantae
621 2521 834 2573 diducto
867 2521 1146 2572 subsidunt
1176 2537 1403 2587 aequore
1434 2518 1622 2571 valles!

429 2592 534 2644 iam
564 2592 670 2643 iam
700 2599 931 2643 tacturas
961 2591 1186 2642 Tartara
1215 2592 1368 2659 nigra
1396 2599 1566 2660 putes·

359 2679 691 2730 quocumque
723 2662 944 2731 aspicio,
975 2661 1105 2713 nihil
1136 2671 1214 2714 est.
1242 2661 1564 2730 nisi'p'ontus
1596 2670 1647 2713 et
1679 2665 1788 2722 aer,

429 2733 675 2785 fluctibus
706 2732 791 2784 hic
820 2732 1077 2795 tumidus,
1108 2732 1339 2784 nubibus
1370 2732 1456 2784 ille
1487 2731 1681 2783 minax.

274 2821 326 2859 25
359 2803 494 2856 inter
522 2812 805 2871 utrumque
834 2803 1067 2856 fremunt
1096 2802 1311 2855 immani
1342 2821 1611 2854 murmure
1642 2801 1817 2854 venti:

429 2875 622 2937 nescit,
653 2875 736 2926 cui
769 2874 982 2926 domino
1013 2883 1221 2944 pareat,
1253 2874 1397 2926 unda
1426 2873 1602 2925 maris.

357 2965 481 2997 nam
512 2945 669 2997 modo
699 2964 965 3015 purpureo
996 2945 1133 2997 vires
1165 2944 1306 3014 capit
1335 2963 1492 2996 eurus
1524 2944 1592 2995 ab
1623 2953 1760 3004 orm,

428 3034 570 3068 nunc
601 3017 865 3085 zephyrus
898 3034 1012 3068 sero
1044 3035 1261 3085 vespere
1294 3015 1483 3067 missus
1515 3015 1678 3076 adest,

275 3102 279 3105 ·
357 3105 498 3139 nunc
528 3086 735 3156 gelidus
767 3087 906 3139 sicca
935 3087 1121 3139 boreas
1156 3086 1442 3138 bacchatur
1472 3085 1539 3137 ab
1569 3085 1758 3145 Arct0‚

272 3175 327 3213 30
428 3175 569 3209 nunc
599 3166 754 3209 notus
786 3157 1009 3209 adversa
1038 3156 1237 3226 proelia
1267 3156 1438 3208 fionte
1469 3155 1621 3224 gerit.

357 3237 527 3281 rector
555 3227 610 3279 in
639 3227 838 3279 incerto
870 3236 947 3279 est
976 3245 1075 3279 nec
1106 3227 1233 3293 quid
1263 3226 1500 3294 fugiatve
1531 3233 1747 3293 petatve

427 3298 651 3359 invenit3
684 3297 945 3366 ambiguis
976 3316 1059 3348 ars
1091 3306 1265 3365 stupet
1295 3296 1411 3364 ipsa
1439 3295 1607 3347 malis.

359 3369 556 3421 scilicet
586 3367 898 3428 occidimUS,
929 3385 1027 3419 nec
1058 3385 1177 3436 spes
1209 3376 1288 3419 est
1318 3367 1425 3418 ulla
1457 3362 1656 3428 salutis,

430 3440 662 3508 dumque
692 3439 906 3507 loquor,
938 3437 1115 3490 vultus
1147 3437 1322 3489 obruit
1352 3437 1495 3488 unda
1524 3454 1690 3488 meos.
