2158 3906
490 379 505 394 .
587 345 935 394 FASTORUM
963 345 1085 391 LIB.
1116 345 1199 395 VI.
1232 344 1385 391 1-85,

205 449 259 503 in
288 465 457 520 genus
487 445 730 502 Electrae
761 447 1195 516 Dardaniamque
1224 446 1456 500 domum.

136 538 296 575 causa
326 518 522 590 duplex
552 518 682 571 irae:
715 527 865 589 rapto
897 517 1212 588 Ganymede
1244 517 1513 580 dolebam3

206 590 375 644 forma
405 605 615 659 quoque
645 588 809 642 Idaeo
838 589 1012 642 iudice
1043 589 1181 643 victa
1211 607 1330 642 mea
1360 597 1454 643 est.

0 692 3 720 e
134 660 421 733 paeniteat,
452 659 594 729 quod
624 677 729 712 non
760 659 916 713 foveo
948 658 1287 730 Carthaginis
1319 677 1482 722 arces,

206 750 328 786 cum
356 749 476 785 mea
507 730 610 783 sint
639 730 728 783 illo
761 749 945 784 currus
977 740 1028 785 et
1059 750 1206 784 arma
1235 731 1376 783 loeo:

67 848 69 853 .
133 801 398 875 paeniteat
430 800 658 871 Sparten
688 801 974 871 Argosque
1004 819 1254 870 measque
1282 801 1542 871 Mycenas

206 882 258 927 et
287 881 519 926 veterem
550 872 708 925 Latio
740 872 1076 943 supposuisse
1110 871 1333 927 Samon:

67 951 69 954 ⁴
134 942 268 999 adde
301 962 480 998 senem
510 942 727 996 Tatium
756 943 1197 1013 Iunonicolasque
1227 943 1481 1005 Faliscos,

204 1032 335 1084 quos
370 1032 469 1085 ego
500 1014 753 1068 Romanis
785 1014 1126 1069 succubuisse
1158 1013 1270 1067 tuli.

47 1135 63 1145 ,.
134 1085 227 1139 sed
256 1103 428 1155 neque
458 1085 745 1156 paeniteat,
776 1104 874 1140 nec
903 1104 1033 1156 gens
1064 1085 1192 1137 mihi
1224 1083 1391 1138 carior
1420 1083 1528 1137 ulla
1558 1091 1660 1137 est:

205 1156 290 1210 hic
321 1157 486 1219 colar,
517 1155 602 1210 hic
631 1165 839 1211 teneam
870 1174 991 1209 cum
1022 1156 1150 1209 Iove
1182 1156 1378 1224 templa
1407 1172 1543 1207 me0.

131 1226 246 1298 ipse
275 1226 404 1280 mihi
434 1226 653 1280 Mavors
685 1226 1039 1280 “commendo
1068 1225 1316 1278 moenia’'
1349 1224 1483 1278 dixit

59 1303 67 1309 ’
205 1297 377 1350 “haec
408 1296 517 1349 tibi.
592 1307 650 1350 tu
680 1297 881 1367 pollens
912 1296 1042 1350 urbe
1072 1314 1138 1349 ne
1179 1295 1276 1348 otis
1308 1294 1460 1348 eris.”

8 1357 10 1417 ᾗ
54 1433 69 1446 „
133 1367 274 1423 dieta
303 1367 432 1422 fides
464 1367 716 1437 sequitur.
792 1376 1006 1421 eentum
1036 1367 1146 1422 cele
1187 1384 1365 1419 ramur
1394 1366 1448 1419 in
1479 1365 1606 1419 aris:

203 1457 300 1493 nec
329 1437 493 1493 levior
522 1438 709 1507 quovis
741 1446 818 1492 est
849 1437 977 1491 mihi
1007 1437 1202 1492 mensis
1232 1436 1416 1490 honor.

132 1529 230 1565 nec
260 1519 434 1563 tamen
465 1508 606 1564 hunc
635 1509 786 1562 nobis
817 1508 1183 1563 tantummodo
1213 1517 1445 1579 praestat
1475 1507 1727 1560 honorem

127 1620 135 1628 ·
203 1580 399 1635 Roma:
430 1579 719 1634 suburBani
751 1579 877 1633 dant
906 1580 1036 1633 mihi
1065 1598 1259 1633 munus
1289 1578 1446 1633 idem.

131 1651 356 1724 inspice,
387 1650 744 1720 quoshabeat
773 1651 1053 1705 nemoralis
1084 1650 1267 1704 Aricia
1297 1650 1462 1703 fastos

204 1732 255 1777 et
322 1723 510 1794 opulus
540 1721 783 1777 Laurens
814 1722 1227 1792 Lanuviumque
1256 1741 1458 1775 meum:

133 1803 213 1848 est
241 1793 345 1848 ilic
375 1793 569 1848 mensis
599 1793 872 1848 Iunonius.
947 1794 1147 1864 inspice
1178 1792 1348 1846 Tibur

204 1874 256 1919 et
285 1864 661 1919 Praenestinae
692 1865 900 1919 moenia
930 1883 1079 1919 sacra
1110 1864 1263 1918 deae:

131 1935 389 1989 Iunonale
418 1935 562 2007 leges
593 1945 817 2006 tempus.
891 1954 988 1989 nec
1019 1936 1279 1990 Romulus
1310 1935 1425 1988 illas

205 2006 460 2070 condidit3
491 2016 543 2060 at
573 2006 739 2060 nostri
767 2006 941 2060 Roma.
970 2007 1176 2077 nepotis
1207 2006 1351 2060 erat.'

132 2077 338 2131 finierat
367 2077 519 2130 Iuno·
593 2077 937 2148 respeximus.
1012 2077 1259 2131 Herculis
1290 2094 1424 2130 uxor

206 2148 401 2211 stabat,
434 2157 485 2202 et
514 2147 569 2200 in
599 2148 747 2201 voltu
779 2148 930 2218 signa
959 2148 1156 2218 vigoris
1188 2157 1351 2202 erant.

135 2225 266 2273 ‘non
295 2237 419 2289 eg0,
451 2218 495 2272 si
524 2228 634 2272 toto
665 2229 833 2272 mater
861 2238 946 2273 me
977 2219 1162 2273 cedere
1193 2219 1339 2272 caelo

202 2290 433 2353 iusserit,
463 2289 628 2343 invita
657 2299 823 2346 matre
853 2290 1120 2343 morabor’
1154 2289 1242 2343 ait.

71 2377 74 2380 ’
133 2366 297 2414 ‘nunc
327 2378 536 2430 quoque
565 2379 672 2414 non
701 2361 872 2414 luctor
901 2361 966 2415 de
996 2360 1207 2414 nomine
1238 2360 1487 2431 temporis
1519 2359 1701 2414 huius:

202 2431 445 2486 blandior
473 2441 525 2487 et
554 2442 728 2502 partes
760 2448 928 2502 paene
958 2432 1190 2502 rogantis
1222 2451 1343 2502 ag0,

132 2521 348 2572 remque
378 2502 482 2556 mei
511 2503 638 2556 iuris
670 2504 850 2557 malim
881 2504 1111 2557 tenuisse
1142 2502 1424 2573 precando,

205 2582 256 2628 et
285 2573 466 2629 faveas
496 2592 687 2628 causae
718 2574 939 2628 forsitan
970 2575 1083 2645 ipse
1114 2593 1281 2629 meae.

111 2663 293 2702 *aurea
321 2644 555 2716 possedit
584 2645 725 2699 socio
758 2643 1025 2716 Capitolia
1054 2646 1249 2716 templo

203 2724 371 2769 mater
401 2724 476 2779 et,
505 2725 565 2769 ut
594 2715 775 2778 debet,
807 2735 928 2770 eum
957 2717 1087 2771 Iove
1119 2736 1326 2773 summa
1355 2726 1515 2770 tenet.

135 2795 186 2840 at
217 2787 377 2840 decus
407 2805 562 2840 omne
590 2786 720 2840 mihi
750 2787 1006 2857 contingit
1035 2788 1237 2858 origine
1267 2787 1486 2850 mensis;

203 2858 389 2911 unicus
421 2867 524 2921 est,
557 2858 622 2911 de
652 2875 758 2927 quo
789 2858 1154 2920 sollicitamur,
1186 2858 1370 2912 honor.

135 2929 262 2998 quid
291 2947 477 2999 grave,
509 2928 554 2981 si
582 2928 793 2982 titulum
822 2929 1040 2992 mensiS,
1070 2929 1334 2990 Romane,
1365 2928 1555 2983 dedisti

204 2999 452 3053 Herculis
481 2999 657 3062 uxori,
688 3000 1070 3069 posteritasque
1099 3000 1332 3053 memor?

133 3067 264 3124 haec
294 3087 505 3139 quoque
535 3079 675 3124 terra
705 3070 903 3138 aliquid
934 3070 1090 3125 debet
1119 3071 1249 3124 mihi
1278 3070 1490 3125 nomine
1523 3069 1703 3141 magni

187 3140 468 3212 coniugis:
499 3141 603 3195 huc
634 3151 813 3211 captas
844 3142 1049 3212 appulit
1077 3142 1164 3196 ille
1195 3142 1376 3197 boves·

134 3209 220 3264 hic
248 3212 385 3266 male
416 3211 664 3266 defensus
694 3213 918 3265 flammis
949 3222 1000 3266 et
1031 3213 1152 3267 dote
1182 3223 1402 3283 paterna

208 3279 382 3336 Cacus
412 3283 736 3338 Aventinam
767 3284 1023 3354 sanguine
1054 3284 1208 3337 tinxit
1237 3284 1475 3338 humum.
1588 3343 1591 3345 ,

137 3351 203 3405 ad
233 3353 476 3424 propiora
505 3372 677 3408 vocor.
751 3356 1006 3425 populum
1038 3355 1255 3426 digessit
1285 3356 1354 3410 ab
1385 3355 1537 3409 annis

207 3423 488 3487 Romulus,
518 3424 573 3479 in
603 3434 780 3495 partes
812 3426 1181 3495 distribuitque
1213 3427 1361 3480 duas.

137 3490 268 3548 haec
297 3494 434 3549 dare·
453 3496 752 3561 consilium,
782 3515 1020 3568 pugnare
1050 3497 1282 3569 paratior
1309 3498 1400 3551 illa
1430 3505 1532 3551 est:

1507 3579 1561 3622 ΤΟ

1775 331 1848 385 99

1874 675 1931 714 45

1874 1030 1932 1068 50

1871 1384 1926 1421 55

1874 1737 1931 1776 60

1872 2092 1926 2131 65

1872 2449 1928 2487 70

1872 2805 1925 2842 75

1872 3158 1927 3196 80

1874 3514 1928 3553 85
