2158 3906
461 362 550 406 EX
578 362 793 408 PONTO
825 361 946 406 LIB.
979 362 1041 406 ΙΙ.
1073 362 1203 417 VIII,
1236 362 1437 418 23-1x‚
1468 362 1539 406 32.
1757 347 1862 401 247

147 483 310 536 quam
340 481 548 517 caream
578 464 766 534 raptis,
798 482 828 516 o
861 464 1073 534 publica
1102 463 1343 527 numina,
1375 463 1548 516 vobis:

44 576 74 598 ‚,-
220 554 315 589 vos
346 533 488 588 eritis
519 544 729 588 nostrae
759 546 942 605 portus
974 544 1026 588 et
1055 554 1146 587 ara
1175 534 1352 605 fugae.

151 623 245 661 vos
275 623 376 676 ego
406 606 749 675 complectar,
782 603 985 659 Geticis
1018 605 1061 658 si
1092 606 1274 676 cingar
1303 604 1372 658 ab
1403 604 1580 668 armis,

40 715 44 744 3
220 686 384 745 utque
415 694 560 729 meas
591 675 819 744 aquilas,
850 684 910 728 ut
940 695 1058 730 mea
1088 676 1240 745 signa
1271 694 1478 745 sequar.
1896 688 1951 727 70

149 756 243 803 aut
272 760 487 818 egome
517 746 644 799 fallo
673 746 941 815 nimioque
973 746 1217 817 cupidine
1248 747 1418 809 ludor,

40 845 43 852 ⁴
222 827 314 872 aut
344 836 464 888 spes
496 816 639 871 exilii
670 817 1038 870 commodioris
1070 817 1234 871 adest.

150 908 274 944 nam
302 888 476 942 minus
507 897 559 942 et
589 887 763 941 minus
794 898 871 942 est
902 888 1063 942 facies
1093 889 1148 941 in
1177 887 1407 959 imagine
1440 886 1618 950 tristis,

223 960 440 1028 visaque
471 967 593 1012 sunt
624 958 775 1012 dictis
808 958 1038 1013 adnuere
1068 977 1160 1012 ora
1189 960 1337 1013 meis.

70 1051 71 1058 ¹
99 1015 103 1020 ’
150 1049 299 1094 veras,
329 1047 539 1101 precor,
570 1029 698 1083 fiant
728 1030 944 1084 timidae
975 1030 1250 1101 praesagia
1280 1030 1494 1083 mentis:
1897 1043 1950 1082 75

220 1100 735 1171 ἰιιεῐειᾳιιθᾳωιηινὶε
768 1110 869 1165 est,
902 1101 968 1155 sit
998 1101 1168 1155 minor
1198 1101 1275 1154 ira
1306 1100 1408 1155 dei.

948 1214 1054 1267 IX.

149 1314 322 1385 Regia
350 1313 653 1385 progeniae,
686 1313 771 1367 cui
801 1312 1087 1366 nobilitatis
1120 1312 1268 1383 origo
1767 1309 1984 1353 COTYI

220 1403 413 1438 nomen
441 1385 498 1438 in
527 1383 780 1454 Eumolpi
811 1384 1048 1466 pervenit
1078 1401 1270 1452 usque,
1304 1381 1469 1453 Coty1
1764 1366 1958 1410 REGI·

119 1458 122 1462 ’
149 1455 296 1510 fama
324 1455 522 1525 loquax
551 1464 752 1508 vestras
784 1474 828 1507 ai
857 1473 962 1507 lam
991 1454 1230 1524 pervenit
1262 1453 1331 1506 ad
1361 1472 1534 1516 aures,

74 1534 75 1537 ’
223 1545 308 1580 me
338 1526 436 1580 tibi
464 1525 671 1579 finitimi
701 1534 849 1595 parte
879 1524 1050 1578 iacere
1082 1524 1204 1577 soli:

149 1596 403 1669 supplicis
433 1595 651 1660 exaudi,
681 1595 934 1649 iuvenum
964 1594 1264 1658 mitissime,
1296 1613 1497 1657 vocem,
1896 1611 1921 1649 5

223 1684 488 1738 quamque
518 1675 691 1750 potes,
721 1666 950 1737 profugo
973 1696 1045 1704 —
1065 1685 1189 1719 nam
1218 1675 1368 1736 potes
1391 1695 1463 1703 —
1487 1663 1637 1718 adfer
1667 1683 1840 1735 opem.

40 1789 42 1796 .
72 1740 73 1743 ’
150 1758 236 1794 me
266 1738 480 1793 fortuna
507 1737 605 1792 ubi
633 1767 704 1776 —
733 1737 799 1791 de
829 1755 936 1807 qua
966 1737 1110 1807 quod
1140 1755 1246 1790 non
1277 1754 1491 1806 querar,
1525 1736 1623 1789 hoc
1655 1747 1734 1789 est
1764 1766 1836 1775 —

41 1859 45 1862 .
222 1809 460 1872 tradidit,
491 1808 591 1863 hoc
620 1827 728 1863 uno
758 1827 866 1862 non
894 1808 1106 1862 inimica
1137 1807 1280 1861 mihi.

32 1902 45 1919 ⁷-
72 1948 73 1951 Ἴ
149 1880 336 1952 excipe
365 1880 705 1951 naufragium
733 1897 841 1933 non
871 1879 1003 1932 duro
1034 1879 1183 1933 litore
1214 1888 1471 1940 nostrum,

223 1971 290 2006 ne
320 1951 480 2006 fuerit
508 1961 648 2005 terra
676 1950 837 2004 tutior
866 1949 1010 2003 unda
1041 1960 1147 2003 tua.
1898 1967 1951 2005 10

47 2038 49 2041 ·
74 2058 75 2063 =
151 2023 324 2095 regia,
354 2022 510 2077 crede
539 2021 691 2086 mihi,
722 2040 806 2076 res
836 2031 915 2075 est
946 2039 1250 2075 succurrere
1282 2021 1460 2103 lapsiS‚

32 2117 37 2124 ·
225 2093 471 2148 convenit
501 2102 553 2147 et
582 2101 728 2146 tanto
739 2131 754 2156 ,
786 2101 1015 2162 quantus
1047 2111 1102 2145 es
1132 2091 1270 2162 ipse,
1302 2110 1432 2144 vlro.

150 2164 422 2219 fortunam
451 2163 602 2218 decet
631 2163 732 2217 hoc
762 2163 941 2216 istam:
974 2181 1111 2232 quae
1141 2162 1373 2215 maxima
1403 2181 1526 2215 cum
1556 2161 1642 2226 sit,

225 2255 339 2290 esse
369 2244 541 2318 potest
570 2234 745 2288 animo
775 2234 865 2287 vix
896 2245 1073 2288 tamen
1103 2252 1274 2303 aequa
1303 2244 1412 2286 tuo,

56 2316 78 2349 “—
149 2307 471 2378 conspicltur
499 2323 790 2375 numquam
820 2305 1034 2359 meliore
1065 2303 1300 2375 potentia
1329 2323 1506 2367 causa,
1583 2345 1588 2350 -
1898 2322 1950 2361 15

225 2395 384 2448 quam
414 2377 657 2447 quotiens
686 2395 849 2429 vanas
880 2395 987 2429 non
1018 2376 1137 2428 sinit
1169 2394 1282 2429 esse
1315 2394 1512 2445 preces.

153 2448 255 2503 hoc
282 2449 421 2503 nitor
449 2447 546 2502 iste
578 2447 655 2501 tui
682 2447 891 2519 generis
923 2446 1209 2510 desiderat,
1241 2446 1340 2499 hoc
1372 2456 1450 2500 est

226 2539 258 2574 a
287 2519 490 2591 superis
520 2528 665 2572 ortae
695 2518 980 2572 nobilitatis
1011 2537 1167 2588 opus:

152 2589 381 2644 hoca-tibi
411 2599 463 2645 et
492 2589 811 2661 EumolpuS,
842 2589 1050 2660 generis
1082 2588 1400 2641 clarissimus
1433 2597 1631 2651 auctor,

228 2670 280 2716 et
308 2661 452 2732 prior
479 2660 746 2731 Eumolpo
777 2660 964 2715 suadet
994 2659 1392 2713 Erichthonius:
1899 2678 1953 2716 ρο

155 2731 257 2786 hoc
285 2741 461 2786 tecum
492 2749 770 2785 commune
802 2731 900 2784 deo
932 2741 1034 2794 est,
1066 2731 1211 2800 quod
1240 2742 1461 2799 uterque
1490 2730 1661 2802 rogati

229 2802 554 2874 supplicibus
585 2801 772 2855 vestris
801 2801 938 2855 ferre
970 2802 1145 2855 soletis
1177 2820 1349 2872 opem.

135 2873 417 2943 *numquid
446 2873 567 2936 erit,
598 2890 762 2941 quare
792 2873 943 2925 solito
975 2873 1253 2942 dignemur
1282 2872 1479 2925 honore

229 2944 472 3007 numina,
503 2943 548 2996 si
577 2943 757 2997 demas
787 2943 922 2997 velle
951 2943 1133 2996 iuvare
1165 2943 1322 2995 deos?

158 3015 400 3099 Iuppiter
429 3014 599 3068 oranti
629 3013 816 3067 surdas
847 3014 892 3066 si
920 3014 1171 3085 praebeat
1200 3013 1358 3074 auriS‚
1900 3031 1952 3070 25

230 3087 446 3140 victima
473 3103 569 3156 pro
599 3085 795 3155 templo
826 3103 919 3137 cur
949 3085 1103 3137 cadat
1131 3084 1234 3137 icta
1265 3084 1439 3136 Iovis?

163 3158 207 3211 si
233 3176 424 3241 pacem
451 3156 653 3210 nullam
682 3166 874 3227 pontus
904 3156 1033 3208 mihi
1061 3165 1290 3226 praestet
1322 3154 1483 3217 eunti,

232 3229 379 3283 irrita
408 3227 659 3298 Neptuno
690 3246 784 3282 cur
814 3245 913 3297 ego
944 3236 1062 3279 tura
1090 3226 1290 3279 fera-m?

151 3317 301 3353 ,vana
328 3299 613 3354 laborantis
646 3299 689 3352 si
719 3299 868 3351 fallat
898 3308 1022 3351 vota
1052 3298 1241 3358 coloni,

116 3367 120 3370 ’
235 3370 459 3441 accipiat
487 3370 739 3441 gravidae
771 3362 1002 3423 cur⁸suis
1033 3379 1156 3423 exta
1186 3366 1382 3422 Ceres?
1905 3385 1959 3422 30

164 3458 264 3495 nec
293 3440 440 3494 dabit
467 3441 673 3495 intonso
703 3442 947 3512 iugulum
978 3458 1136 3511 caper
1166 3440 1336 3492 hostia
1366 3438 1598 3502 Baccho,

237 3521 411 3565 musta
441 3511 540 3564 sub
571 3512 798 3566 adducto
829 3512 874 3565 si
903 3512 1038 3583 pede
1069 3511 1213 3565 nulla
1243 3512 1423 3565 fluent.

51 2501 90 2518 N
