2158 3906
471 333 821 381 FASTORUM
850 333 970 378 LIB.
1004 334 1061 380 V.
1093 332 1335 379 400—484.

52 455 236 495 rursus
267 452 460 505 aquam
491 437 662 506 tangit
690 437 1086 505 Temesacaque
1117 443 1394 506 concrepat
1427 452 1550 488 aera

128 516 181 563 et
209 515 384 578 rogat,
414 514 474 559 ut
504 507 654 568 tectis
687 516 841 560 exeat
870 507 1060 559 umbra
1089 507 1214 560 suis.

54 597 179 635 cum
209 577 340 631 dixit
367 577 549 630 novies
581 578 796 631 ‘Manes
828 578 965 631 exite
995 577 1233 648 paterni,’

126 647 339 720 respicit
368 656 419 702 et
448 667 580 719 pure
611 667 761 702 sacra
798 658 1011 718 peracta
1040 658 1207 719 putat.
1238 679 1309 686 —

53 718 198 774 dicta
226 719 293 773 sit
319 718 461 790 unde
491 719 626 782 dies,
659 737 796 787 quae
826 719 1051 772 nominis
1083 729 1224 772 extet
1255 719 1421 790 orig0‚

126 809 213 844 me
241 789 380 861 fugit
407 819 480 828 —
508 809 575 844 ex
605 790 781 859 aliquo
812 799 891 844 est
921 790 1236 843 invenienda
1266 790 1382 842 deo.

54 860 268 933 ‘Pliade
296 869 444 926 nate,
474 878 654 924 mone,
686 861 836 931 virga
867 861 1164 914 venerande
1194 859 1419 930 potenti!

128 950 285 1004 saepe
316 931 413 985 tibi
443 941 521 986 est
554 930 729 1002 Stygii
759 931 907 1002 regia
938 932 1051 985 visa
1079 931 1256 991 Iovis.’

24 1003 200 1061 ‘venit
229 1002 476 1056 adoratus
507 1003 797 1056 caducifer:
832 1003 1036 1073 ‘accipe
1068 1021 1282 1055 causam

33 1090 78 1136 ⁴2
125 1073 385 1127 nominis.'
425 1132 429 1136 ,
460 1092 527 1127 ex
556 1074 671 1144 ipso
702 1083 781 1126 est
812 1074 1024 1143 cognita
1054 1091 1215 1127 causa
1245 1073 1361 1125 dec.

10 1202 11 1205 ,
46 1143 316 1200 Romulus
346 1152 405 1197 ut
434 1145 638 1198 tumulo
668 1144 925 1198 fraternas
957 1144 1190 1197 condidit
1221 1142 1453 1204 umbras,

10 1280 11 1285 ¹
60 1259 62 1261 .
126 1224 179 1270 et
200 1216 344 1268 'male
372 1215 544 1268 veloci
572 1216 711 1268 iusta
741 1216 912 1267 soluta
941 1215 1128 1277 Rcm0,

9 1302 11 1351 j
53 1285 341 1342 Faustulus
370 1284 555 1339 infelix
585 1294 636 1338 et
667 1285 835 1356 passis
866 1286 1015 1338 Acca
1045 1283 1248 1354 capillis

10 1369 11 1372 ’
127 1355 447 1429 spargebant
474 1355 702 1409 lacrimis
733 1374 852 1409 ossa
882 1364 1096 1426 perusta
1126 1354 1251 1407 suis.

53 1426 178 1484 inde
207 1427 423 1482 domum
451 1426 674 1480 redeunt
703 1426 803 1479 sub
834 1426 1004 1496 prima
1035 1425 1345 1495 crepuscula
1376 1422 1587 1486 maesti;

126 1507 290 1569 utque
321 1507 455 1561 erat,
486 1497 539 1550 in
571 1498 703 1551 duro
733 1497 1062 1580 procubuere
1094 1507 1224 1549 toro.

8 1583 11 1589 “
55 1570 244 1626 umbra
273 1576 490 1635 cruenta
518 1567 674 1622 Remi
704 1587 817 1629 ‚visa
847 1577 926 1621 est
956 1568 1198 1621 assistere
1228 1566 1364 1621 lecto

100 1650 284 1712 ‘ratque
313 1639 445 1694 haec
474 1639 667 1710 exiguo
696 1658 964 1692 murmure
997 1638 1158 1692 verba
1188 1638 1355 1707 loqui:

40 1716 148 1787 “en
177 1729 277 1783 ego
308 1709 581 1765 dimidium
613 1710 773 1764 vestri
804 1729 1030 1793 parsque
1062 1710 1227 1763 altera
1257 1709 1383 1771 voti,

39 1789 48 1855 ζ
127 1781 346 1846 cernite,
378 1781 476 1848 sim
507 1781 700 1851 qualis3
732 1799 824 1851 qul
854 1781 1010 1834 modo
1039 1780 1210 1850 qualis
1242 1778 1409 1834 eram!

42 1853 149 1925 'qui
177 1853 358 1917 modo,
390 1852 432 1906 si
463 1853 701 1907 volucres
732 1852 1033 1906 habuissem
1064 1870 1229 1922 regna
1259 1851 1518 1913 iubentes,

38 1929 46 1961 ·“
125 1925 182 1978 in
211 1924 408 1996 populo
438 1923 588 1995 potui
617 1924 877 1977 maximus
909 1942 1022 1977 esse
1053 1941 1196 1976 meo:

53 2012 197 2051 nunc
228 2014 345 2049 sum
374 1994 552 2065 elapsa
580 1995 697 2065 rogi
726 1994 950 2047 flammis
982 2003 1034 2047 et
1063 1994 1233 2046 inanis
1264 1993 1464 2063 imago:

127 2066 260 2120 haec
290 2073 368 2120 est
399 2084 465 2119 ex
493 2065 583 2118 illo
612 2065 783 2118 forma
811 2065 992 2118 relicta
1021 2063 1214 2118 Remo!

55 2136 162 2192 heu
190 2136 285 2190 ubi
313 2135 464 2189 Mars
493 2144 645 2206 pater
673 2136 782 2189 est?
812 2136 857 2189 si
887 2154 979 2188 vos
1010 2136 1167 2187 modo
1199 2154 1324 2188 vera
1352 2134 1532 2196 locuti,

126 2207 397 2276 uberaque
428 2206 676 2278 expositis
706 2206 792 2259 ille
822 2206 992 2260 ferina
1020 2205 1181 2260 dedit.

0 2297 8 2347 ς
53 2296 215 2349 quem
244 2279 371 2348 lupa
401 2277 652 2342 servavit,
683 2297 871 2330 manus
901 2277 1043 2330 hunc
1072 2276 1351 2330 temeraria
1381 2275 1509 2329 civis

126 2348 370 2420 perdidit.
443 2366 476 2402 o
506 2357 703 2418 quanto
734 2349 909 2401 mitior
938 2348 1028 2401 illa
1057 2347 1180 2401 fuit1

0 2446 6 2485 l
55 2438 212 2475 saeve
243 2417 422 2482 Celer,
452 2419 719 2485 crudelem
750 2419 980 2472 animam
1011 2437 1104 2489 per
1134 2418 1352 2471 volnera
1379 2417 1589 2481 reddas,

4 2544 5 2547 ,
127 2499 290 2560 utque
320 2508 421 2561 ego
451 2489 551 2544 sub
582 2499 747 2544 terras
777 2490 1215 2560 sanguinulentus
1247 2488 1360 2542 eas!

57 2562 223 2616 noluit
251 2562 352 2615 hoc
381 2561 566 2624 frater3
596 2561 764 2632 pietas
796 2561 1029 2630 aequalis
1060 2562 1115 2614 in
1146 2560 1234 2613 illo
1265 2570 1366 2612 est:

0 2639 2 2657 ³
129 2631 274 2702 quod
302 2633 494 2703 potuit,
524 2631 768 2686 lacrimas
798 2632 1054 2685 Manibus
1084 2633 1169 2685 ille
1202 2631 1362 2684 dedit.

57 2702 198 2757 hunc
227 2721 321 2757 vos
351 2722 447 2774 per
474 2702 741 2766 lacrimas,
772 2723 866 2773 per
897 2713 1070 2756 vestra
1099 2703 1349 2755 alimenta
1378 2710 1579 2773 rogate,

128 2783 189 2828 ut
217 2774 479 2841 celebrem
506 2783 685 2827 nostro
716 2774 889 2844 signet
916 2774 1116 2826 honore
1146 2773 1320 2826 diem.’

56 2845 395 2899 mandantem
426 2844 673 2914 amplecti
703 2845 924 2914 cupiunt
954 2854 1006 2897 et
1035 2844 1281 2897 bracchia
1308 2843 1555 2896 tendunt:

128 2915 332 2969 lubrica
359 2923 668 2985 prensantes
698 2915 884 2985 effugit
915 2915 1105 2967 umbra
1133 2933 1338 2967 manuS.

57 2996 120 3040 ut
147 3005 328 3040 secum
357 2985 568 3056 fugiens
600 3004 811 3038 somnos
842 2986 1064 3038 abduxit
1091 2986 1288 3055 imagO,

0 3082 7 3162 ἕ
131 3057 199 3110 ad
227 3075 407 3128 regem
439 3074 595 3109 voces
625 3057 801 3110 fratris
831 3067 1054 3125 uterque
1084 3056 1277 3109 ferunt.

0 3158 6 3206 ξ
60 3127 318 3182 Romulus
347 3127 655 3197 obsequitur
683 3129 961 3196 lucemque
992 3127 1246 3181 Remuria
1276 3126 1404 3179 dicit

2 3212 6 3258 ζ
130 3198 298 3263 illam,
329 3216 436 3268 qua
464 3198 647 3269 positis
678 3199 817 3251 iusta
847 3199 1090 3251 feruntur
1120 3198 1251 3251 avis.

0 3284 5 3315 ε
60 3286 248 3393 aspera
274 3278 476 3323 mutata
506 3278 585 3324 est
614 3269 670 3322 in
699 3270 872 3323 lenem
903 3280 1138 3339 tempore
1167 3269 1327 3339 longo

151 3339 327 3404 ittera,
359 3358 494 3410 quae
524 3349 634 3394 toto
663 3341 875 3394 nomine
905 3340 1075 3411 prima
1105 3339 1223 3392 fuit.

63 3427 186 3462 mox
215 3411 372 3477 etiam
400 3411 660 3465 Lemures
692 3412 893 3465 animas
925 3412 1104 3464 dixere
1137 3411 1401 3464 silentum.

132 3480 218 3534 hic
247 3485 429 3535 sensus
460 3482 632 3546 verbi,
663 3483 742 3536 vis
774 3502 837 3536 ea
867 3483 1011 3535 vocis
1043 3492 1170 3534 erat.

1696 318 1762 387 οι

1795 731 1880 769 445

1797 1086 1884 1125 450

1795 1439 1880 1477 455

1795 1794 1882 1834 460

1794 2150 1879 2189 465

1794 2505 1881 2544 470

1794 2861 1881 2899 475

1801 3214 1888 3254 480
