2158 3906
568 357 658 403 Ex
686 358 904 405 PoNTo
935 358 1058 404 LIB.
1088 357 1151 404 11.
1184 358 1273 416 111,
1304 359 1518 405 15—100.
1799 347 1905 402 239

188 475 434 532 quaeque
462 457 538 512 ita
568 477 824 514 concussa
854 470 956 523 est,
986 471 1047 515 ut
1074 461 1182 514 iam
1211 479 1399 515 casura
1427 469 1660 532 putetur,

260 537 424 584 restat
453 529 627 583 adhuc
655 531 852 585 umeris
881 531 1017 585 fulta
1044 533 1199 585 ruina
1227 532 1348 585 tuis.
1934 547 1990 588 60

187 599 268 656 ira
297 599 513 670 quidem
578 601 711 654 rimo
742 601 917 655 fuerat
945 612 1038 656 tua
1066 603 1229 667 iusta,
1259 621 1358 657 nec
1386 603 1503 674 ipso

259 670 451 734 lenior,
482 689 514 724 o
559 690 715 725 ensus
746 672 838 741 qui
867 673 997 726 mihi
1025 674 1137 727 iure
1167 673 1285 727 fuit.

191 742 388 815 quique
419 741 567 795 dolor
595 751 780 813 pectus
811 743 1070 814 tetigisset
1100 742 1345 798 Caesaris
1375 745 1484 809 alti,

260 812 410 867 illum
438 812 651 866 iurabas
680 814 918 884 protinus
950 834 1065 869 esse
1096 826 1264 868 tuum.

189 891 250 940 ut
278 892 455 938 tamen
486 883 666 937 audita
695 893 776 938 est
805 893 1015 939 nostrae
1044 885 1141 938 tibi
1171 886 1334 940 cladis
1365 887 1534 958 orig0,
1933 903 1991 943 65

263 953 450 1008 diceris
481 954 664 1009 erratis
693 955 1016 1027 ingemuisse
1046 956 1195 1010 meis.

190 1033 301 1080 tum
332 1034 425 1078 tua
453 1044 539 1080 me
570 1026 801 1097 primum
829 1027 987 1080 solari
1015 1027 1189 1081 littera
1219 1028 1392 1098 coepit

28 1150 34 1171 ,y
76 1167 77 1170 Ἴ
263 1105 315 1151 et
342 1097 546 1151 laesum
575 1097 714 1150 flecti
745 1116 894 1168 spem
923 1098 1048 1153 dare
1078 1116 1234 1169 posse
1266 1099 1441 1152 deum.

28 1193 33 1217 ι
76 1183 107 1223 ῑ,
188 1167 356 1222 movit
386 1167 645 1222 amicitiae
676 1177 790 1221 turn
819 1178 871 1223 te
902 1170 1196 1223 constantia
1224 1170 1434 1239 longae,

262 1247 383 1293 ante
414 1247 533 1292 tuos
563 1247 708 1293 ortus
739 1258 875 1309 quae
905 1239 1035 1293 mihi
1064 1249 1253 1310 coepta
1282 1241 1402 1302 fuit,
1935 1258 1995 1298 7ο

190 1317 244 1366 et
272 1309 416 1379 quod
445 1328 560 1363 eras
591 1310 706 1363 aliis
736 1309 933 1374 factus,
964 1310 1094 1363 mihi
1123 1320 1278 1363 natus
1309 1310 1528 1373 amicus,

261 1380 510 1450 quodque
540 1380 637 1434 tibi
666 1381 720 1434 in
751 1381 900 1435 cunis
930 1381 1112 1435 oscula
1141 1381 1311 1451 prima
1341 1381 1480 1435 dedi.

190 1452 357 1523 quod,
389 1470 510 1506 cum
540 1460 716 1506 vestra
745 1452 934 1505 domus
963 1452 1155 1506 teneris
1186 1451 1316 1504 mihi
1346 1470 1556 1523 semper
1584 1452 1654 1506 ab
1684 1453 1834 1506 annis

263 1523 404 1577 culta
434 1522 524 1586 sit,
556 1541 669 1577 esse
699 1531 851 1576 vetus
882 1541 966 1575 me
996 1522 1092 1575 tibi
1123 1522 1264 1604 cogit
1295 1540 1447 1575 onus.

188 1611 275 1648 me
306 1603 429 1646 tuus
458 1593 546 1647 ille
576 1602 749 1664 pater,
780 1593 969 1646 Latiae
1000 1593 1250 1647 facundia
1278 1592 1511 1663 linguae,
1935 1613 1993 1651 75

261 1681 397 1734 quae
427 1681 535 1718 non
562 1663 780 1717 inferior
809 1664 1081 1718 nobilitate
1113 1663 1231 1727 fuit,

188 1735 415 1808 primus,
446 1743 505 1789 ut
535 1735 785 1789 auderem
817 1736 1140 1790 committere
1171 1735 1405 1789 carmina
1434 1734 1626 1799 famae,

260 1805 491 1878 impulit:
522 1805 722 1877 ingenii
752 1805 860 1860 dux
891 1806 993 1859 fuit
1021 1806 1109 1861 ille
1140 1806 1261 1861 mei.

190 1893 314 1941 nec,
345 1894 451 1947 quo
481 1876 549 1931 sit
615 1877 808 1931 rimum
837 1877 990 1931 nobis
1021 1898 1053 1931 a
1082 1887 1319 1947 tempore
1349 1877 1541 1941 cultus,

263 1947 546 2012 contendO,
600 1958 795 2003 ratrem
822 1967 979 2019 posse
1009 1948 1206 2003 referre
1236 1958 1404 2001 tuum.
1932 1966 1991 2007 80

190 2027 244 2074 te
273 2029 450 2073 tamen
481 2027 604 2074 ante
635 2019 804 2073 omnis
834 2020 909 2073 ita
938 2039 1055 2073 sum
1085 2020 1418 2090 complexus,
1448 2029 1509 2073 ut
1538 2037 1677 2075 unus

262 2090 498 2160 quolibet
525 2090 582 2144 in
611 2108 739 2144 casu
768 2091 938 2161 gratia
969 2100 1148 2144 nostra
1177 2091 1334 2144 fores.

189 2161 377 2216 ultima
407 2180 492 2216 me
521 2171 698 2216 tecum
727 2162 856 2215 vidit
887 2162 1206 2230 maestisque
1238 2161 1485 2216 cadentes

263 2233 470 2303 excepit
499 2233 741 2286 lacrimas
772 2232 1015 2286 Aethalis
1045 2233 1163 2286 Ilva
1191 2233 1364 2303 genis:

192 2320 313 2357 cum
343 2303 439 2356 tibi
469 2303 765 2372 quaerenti,
795 2323 924 2357 num
955 2323 1111 2357 verus
1141 2303 1356 2357 nuntius
1389 2312 1543 2368 esset,
1931 2322 1990 2363 85

206 2443 208 2445 ‚
262 2374 507 2429 attulerat
536 2375 722 2446 culpae
753 2393 911 2443 quem
940 2376 1082 2428 mala
1109 2374 1255 2428 fama
1283 2393 1450 2438 meae,

190 2444 327 2499 inter
355 2445 654 2499 confessum
686 2445 846 2500 dubie
877 2446 1142 2515 dubieque
1170 2455 1454 2515 negantem

261 2516 570 2580 haerebam,
599 2517 820 2600 pavidas
851 2516 1010 2571 dante
1040 2518 1227 2571 timore
1256 2527 1425 2579 notaS,

193 2588 538 2659 exemploque
567 2588 728 2652 n1vis,
759 2606 921 2658 quam
949 2588 1117 2641 mollit
1146 2588 1421 2658 aquaticus
1454 2598 1649 2653 auster,

263 2668 414 2729 gutta
441 2677 537 2730 per
567 2659 812 2713 attonitas
842 2659 955 2713 ibat
983 2659 1170 2713 oborta
1198 2678 1380 2730 genas.
1932 2677 1990 2717 9ο

192 2728 324 2783 haec
351 2729 513 2800 igitur
539 2730 774 2784 referens
804 2739 857 2785 et
885 2731 1030 2800 quod
1058 2749 1180 2784 mea
1209 2730 1429 2784 crimina
1456 2731 1614 2801 primi

265 2800 453 2854 erroris
482 2801 638 2854 venia
665 2819 822 2871 posse
850 2801 1014 2856 latere
1043 2801 1209 2864 vides,

193 2871 408 2942 respicis
439 2871 717 2940 antiquum
744 2871 894 2925 lassis
923 2872 979 2924 in
1007 2872 1167 2925 rebus
1198 2872 1443 2932 amicum,

265 2943 618 3011 fomentisque
646 2942 799 2995 iuvas
829 2942 1049 2995 vulnera
1076 2951 1256 2996 nostra
1284 2942 1407 2994 tuis.

194 3030 290 3084 pro
319 3013 512 3082 quibus
544 3013 761 3084 optandi
790 3013 835 3066 si
863 3013 1016 3066 nobis
1045 3013 1199 3084 copia
1227 3013 1338 3074 fiat,
1935 3031 1989 3070 95

266 3093 373 3137 tam
405 3085 540 3138 bene
569 3103 665 3155 pro
696 3084 882 3138 merito
913 3084 1191 3138 commoda
1219 3084 1361 3136 mille
1392 3101 1595 3153 precor.

198 3155 291 3209 sed
321 3156 364 3208 si
394 3156 506 3208 sola
533 3155 662 3208 mihi
693 3155 883 3209 dentur
911 3164 1003 3208 tua
1032 3164 1180 3218 vota,
1211 3154 1484 3226 precabor,

268 3237 326 3280 ut
354 3227 450 3280 tibi
480 3227 547 3280 sit
578 3227 723 3280 salvo
756 3224 985 3280 Caesare
1005 3227 1165 3279 'salva
1193 3244 1400 3296 parens.

197 3295 328 3350 haec
357 3316 480 3368 eg0,
512 3317 631 3352 cum
663 3298 864 3352 faceres
897 3298 1080 3351 altaria
1108 3297 1329 3368 pinguia
1358 3305 1492 3360 ture,

268 3378 321 3422 te
351 3368 562 3423 solitum
592 3369 807 3425 memini
836 3369 1007 3441 prima
1036 3387 1225 3440 rogare
1256 3368 1399 3422 deos.
1938 3386 2025 3425 100
