2158 3906
52 294 81 323 θλ.

56 383 77 408 Ἴ
428 338 518 383 Ex
546 338 762 385 PoN'ro
793 338 914 384 Lm.
947 339 984 384 1.
1016 338 1079 396 11,
1112 339 1339 396 127—111‚
1370 340 1438 384 62.

42 417 59 442 A

41 441 273 533 ⁷·icernis,
304 454 364 493 ut
394 458 422 493 e
454 438 599 493 molli
629 441 844 511 sanguis
874 441 1124 512 pulmone
1154 440 1403 495 remissus

42 525 87 606 J
153 512 220 566 ad
252 509 468 594 Stygias
499 520 641 564 certo
671 511 834 565 limite
867 513 1023 565 ducat
1053 530 1232 580 aquas.

42 581 79 621 ·<'
117 582 287 638 dferat
315 599 428 652 ipse
458 580 581 635 licet
610 600 786 635 sacras
816 582 1139 653 Epidaurius
1171 583 1376 647 herbas,

84 670 85 674 ¹
154 651 359 707 sanabit
387 651 534 705 nulla
564 652 783 707 vulnera
813 653 983 707 cordis
1015 672 1130 723 ope.

37 789 39 793 .
78 723 264 781 tollere
293 722 550 776 nodosam
578 723 746 777 nescit
775 724 1037 778 medicina
1065 724 1373 796 podagram,

39 794 47 850 J
153 812 250 849 neo
280 793 574 847 formidatis
605 793 889 848 auxiliatur
919 795 1086 864 aquis.

74 891 78 894 ·
113 884 207 920 ura
237 881 448 935 quoque
478 864 745 919 interdum
773 866 918 919 nulla
947 866 1272 919 medicabilis
1303 875 1413 920 arte
1445 877 1547 931 est3

50 974 59 999 r
87 988 89 993 ,
154 944 267 1000 aut,
299 944 358 989 ut
387 935 478 999 sit,
509 936 670 1007 longa
701 946 780 991 est
810 937 1144 991 extenuanda
1174 956 1337 990 mora.

55 1023 201 1065 oum
233 1006 366 1061 bene
397 1006 673 1060 firmarunt
702 1007 938 1061 animum
967 1018 1248 1079 praecepta
1278 1009 1553 1072 iacentem,

153 1086 466 1149 sumptaque
498 1087 622 1132 sunt
650 1079 801 1132 nobis
834 1079 1058 1150 pectoris
1090 1099 1237 1133 arma
1266 1079 1360 1142 tui,

50 1166 259 1219 »rursus
290 1166 438 1202 amor
505 1149 667 1203 atriae
697 1150 898 1205 ratione
930 1151 1186 1204 valentior
1215 1151 1374 1214 omni,

58 1242 62 1246 ·
152 1219 301 1289 quod
325 1227 417 1274 tua
470 1229 685 1274 ecerunt
715 1221 931 1292 scripta,
962 1222 1150 1276 retexit
1179 1239 1328 1291 opus.

106 1289 189 1346 ive
218 1289 367 1362 pium
396 1290 475 1345 vis
505 1290 607 1345 hoc
637 1291 748 1346 sive
778 1291 879 1346 hoc
908 1292 1163 1345 muliebre
1194 1292 1388 1355 vocari,

44 1428 46 1430 V
152 1362 410 1416 confiteor.
431 1362 622 1416 misero
652 1363 810 1416 molle
841 1381 931 1416 cor
959 1381 1074 1416 esse
1106 1361 1248 1415 mihi.

43 1442 52 1466 ἰ’
117 1450 185 1487 on
216 1431 379 1487 dubia
409 1442 488 1487 est
517 1432 689 1487 Ithaci
717 1433 1020 1504 prudentia:
1053 1433 1147 1486 sed
1177 1442 1354 1487 tamen
1385 1442 1532 1504 optat

82 1540 86 1546 -
149 1503 357 1557 fumum
387 1503 452 1558 de
482 1504 664 1575 patriis
732 1522 848 1557 osse
879 1504 1057 1557 videre
1089 1504 1237 1557 focis.

37 1570 46 1636 ἶ,
118 1574 255 1630 escio
286 1591 401 1644 qua
420 1574 595 1628 natale
626 1592 683 1627 so
706 1593 795 1627 um
827 1574 1103 1629 dulcedine
1135 1584 1352 1628 cunctos

38 1644 56 1692 ''-
150 1644 318 1708 ducit‚
349 1653 402 1699 et
430 1644 745 1699 inmemores
775 1664 881 1699 non
911 1646 1034 1699 sinit
1063 1665 1177 1700 esse
1209 1646 1308 1699 sui.

39 1717 48 1786 23
86 1724 90 1733 ’
115 1715 208 1771 uid
236 1715 424 1770 melius
454 1715 660 1770 Roma?
705 1715 956 1787 Scythico
987 1716 1117 1787 quid
1147 1717 1344 1787 frigore
1374 1717 1557 1788 peius?

77 1814 85 1859 .'
149 1786 253 1841 huo
285 1795 461 1842 tamen
491 1806 558 1842 ex
587 1787 676 1842 illa
706 1787 963 1842 barbarus
995 1788 1125 1842 urbe
1156 1787 1311 1858 fugit.

110 1877 200 1913 um
229 1857 364 1913 bene
395 1858 461 1912 sit
491 1859 701 1913 clausae
731 1877 894 1913 cavea
922 1859 1197 1913 Pandione
1228 1869 1400 1922 natae,

148 1928 330 1983 nititur
358 1929 413 1983 in
443 1929 602 1983 silvas
630 1929 720 1983 illa
749 1930 919 1984 redire
949 1950 1088 1983 suas.

43 2001 324 2061 dsuetos
356 2000 494 2054 tauri
524 2001 712 2064 saltus,
743 2001 962 2055 adsueta
991 2002 1169 2055 leones
1201 2032 1274 2040 —-

148 2089 246 2126 nec
276 2071 456 2125 feritas
486 2071 603 2125 illos
632 2071 853 2142 impedit
881 2102 953 2111 —
982 2082 1133 2126 antra
1163 2082 1366 2143 petunt.

38 2142 87 2206 ,⁸3⁷
166 2152 343 2197 tamen
373 2143 515 2197 exilii
543 2161 750 2196 morsus
782 2162 810 2197 e
841 2153 1054 2215 pectore
1083 2154 1263 2197 nostro

40 2227 66 2283 ·,
147 2213 392 2269 fomentis
424 2233 604 2285 speras
635 2214 822 2268 cedere
891 2233 1007 2268 osse
1038 2215 1166 2268 tuis:

56 2310 102 2334 ·.·-
132 2284 254 2348 fice,
286 2302 380 2338 vos
410 2285 513 2356 ipsi
541 2305 608 2339 ne
638 2294 747 2339 tam
778 2285 849 2338 mi
888 2285 906 2338 i
937 2286 1048 2339 sitis
1081 2286 1311 2350 amandi,

56 2366 77 2418 e}
150 2355 342 2409 talibus
372 2364 432 2410 ut
459 2355 629 2410 levius
661 2356 728 2409 sit
758 2357 988 2411 caruisse
1018 2357 1239 2410 malum!

64 2422 156 2497 iat,
185 2436 339 2498 puto,
370 2445 476 2497 qua
504 2427 714 2499 genitus
743 2427 973 2490 fueram,
1006 2429 1192 2482 tellure
1223 2428 1423 2482 carenti

53 2503 125 2569 j
147 2497 202 2551 in
231 2506 408 2552 tamen
436 2497 669 2552 humano
701 2499 920 2569 contigit
950 2518 1064 2553 esse
1095 2499 1243 2552 loco?

19 2612 22 2621 .
71 2567 218 2623 ⁴orbis
247 2568 303 2622 in
332 2569 553 2624 extremi
581 2570 729 2624 iaceo
761 2570 997 2624 desertus
1029 2570 1254 2633 harenis,

21 2688 22 2695 ,
63 2662 73 2677 ²
147 2638 250 2694 fert
278 2640 372 2693 ubi
399 2650 680 2724 perpetuas
711 2641 904 2695 obruta
931 2651 1070 2695 terra
1099 2642 1264 2695 nives.

41 2727 183 2777 „non
213 2729 342 2782 ager
370 2710 456 2765 hic
483 2729 725 2782 pomum,
755 2731 863 2765 non
893 2713 1072 2786 dulces
1104 2713 1296 2766 educat
1326 2731 1475 2777 uvas,

147 2800 252 2835 non
283 2781 468 2836 salices
498 2782 637 2852 ripa,
668 2783 859 2836 robora
889 2793 1066 2837 monte
1097 2784 1283 2837 virent.

51 2844 210 2917 ,ffieve
239 2851 433 2906 fretum
461 2853 645 2906 laudes
676 2862 815 2907 terra
843 2854 1039 2923 magis,
1071 2871 1301 2922 aequora
1330 2872 1539 2924 semper

95 2928 97 2930 ’
149 2932 425 2978 ventorum
453 2923 599 2977 rabie
630 2923 829 2977 solibus
858 2924 988 2977 orba
1017 2930 1238 2977 tument.

70 3010 413 3068 quocumque
443 2994 690 3065 aspicies,
722 2995 896 3064 campi
925 2995 1123 3048 cultore
1154 3003 1391 3048 carentes

148 3073 426 3134 vastaque,
457 3083 594 3134 quae
623 3084 780 3118 nemo
810 3065 1066 3129 vindicet,
1097 3085 1227 3119 arva
1254 3065 1444 3119 iacent.

72 3132 242 3189 'hostis
272 3136 422 3190 adest
450 3136 636 3190 dextra
663 3137 920 3206 laevaque
951 3156 983 3190 a
1013 3146 1163 3207 parte
1193 3137 1476 3201 timenduS,

151 3206 427 3277 vicinoque
457 3218 602 3262 metu
631 3217 790 3261 terret
819 3217 1101 3278 utrumque
1130 3208 1286 3261 latuS.

24 3330 35 3336 ,
72 3276 245 3338 altera
272 3277 538 3332 Bistonias
569 3298 690 3351 pars
720 3288 799 3334 est
828 3298 1047 3333 sensura
1077 3279 1312 3342 sarissas,

151 3348 313 3402 altera
343 3347 638 3405 Sarmatica
667 3350 871 3422 spicula
899 3350 1060 3404 missa
1090 3369 1267 3403 manu.

66 3413 103 3498 ki
126 3437 272 3473 nunc>
297 3427 349 3473 et
377 3429 615 3475 veterum
642 3421 796 3475 nobis
828 3423 1071 3492 exempla
1099 3421 1348 3485 virorum,

151 3489 243 3560 qui
271 3489 394 3544 forti
423 3508 606 3547 casum
633 3501 807 3549 mente
837 3493 1026 3558 tulere,
1056 3492 1211 3558 refer,

1685 327 1789 381 221

1823 498 1878 569 2o

1821 884 1875 924 25

1820 1240 1876 1279 30

1821 1593 1874 1632 35

1818 1949 1875 1988 40

1816 2304 1872 2343 45

1817 2662 1873 2700 50

1815 3015 1870 3055 55

1816 3369 1872 3408 60
