2158 3906
515 347 603 392 Ex
632 347 849 394 PONTo
878 346 1002 392 Lm.
1031 346 1071 392 1.
1103 347 1186 405 Ν,
1217 347 1390 405 55—v,
1419 347 1489 392 82.

149 449 224 505 nil
254 446 355 502 sibi
386 465 507 502 cum
537 448 713 519 pelagi
743 448 869 502 dicit
898 448 1010 503 fore
1041 448 1333 520 naufragus
1362 448 1536 512 undis,

223 529 276 573 et
305 518 449 572 ducit
479 537 675 582 remos,
707 537 813 588 qua
843 520 1002 573 modo
1031 520 1177 574 navit
1207 538 1360 589 aqua.

149 591 227 645 sic
256 607 357 660 ego
388 598 688 643 constanter
718 590 950 643 studium
980 609 1087 643 non
1116 591 1243 644 utile
1274 609 1425 645 servo

222 669 275 714 et
304 668 508 730 repet0,
539 660 733 714 nollem
763 678 895 730 quas
925 661 1173 723 coluisse,
1205 662 1346 715 deas.

148 730 280 801 quid
307 730 483 801 potius
515 730 739 784 faciam?
767 749 885 784 non¹
905 750 1046 795 sum,
1079 732 1170 801 qui
1200 733 1382 803 segnia
1413 733 1604 786 ducam

221 800 350 855 otia:
382 819 524 854 mors
554 800 707 854 nobis
738 810 946 872 tempus
978 802 1204 856 habetur
1232 804 1389 857 iners.

19 886 21 888 ’
63 935 65 938 ⁴
121 890 250 928 -nec
277 872 425 926 iuvat
453 872 508 926 in
538 872 712 927 lucem
742 872 904 926 nimio
935 892 1259 928 marcescere
1288 874 1429 939 vinc,

219 961 319 998 nec
348 951 492 997 tenet
521 943 745 997 incertas
776 944 892 997 alea
921 944 1117 998 blanda
1146 964 1350 998 manus.

145 1032 272 1069 cum
301 1013 543 1069 dedimus
573 1032 783 1079 somno,
814 1033 946 1083 quas
978 1033 1168 1087 corpus
1198 1016 1454 1086 postulat,
1485 1015 1657 1079 horas,

218 1101 326 1155 quo
355 1103 551 1156 ponam
581 1085 808 1156 vigilans
838 1095 1076 1156 tempora
1104 1086 1193 1139 lon
1234 1107 1265 1140 a
1295 1087 1484 1141 modo?

146 1155 307 1210 moris
339 1175 407 1209 an
437 1156 629 1210 oblitus
659 1156 816 1227 patrii
847 1158 1162 1211 contendere
1230 1158 1394 1211 iscam

220 1225 544 1282 Sarmaticos
575 1245 753 1291 arcus,
785 1236 836 1282 et
867 1228 1045 1281 trahar
1075 1238 1185 1282 arte
1214 1229 1348 1282 loci?

47 1305 64 1327 ‘³
146 1297 248 1352 hoc
277 1315 490 1368 quoque
519 1318 604 1353 me
635 1298 868 1352 studium
898 1299 1179 1369 prohibent
1208 1299 1486 1353 adsumere
1517 1300 1672 1363 vires,

42 1415 60 1465 '¹2

6 1550 7 1566 ι
46 1515 67 1589 22:

6 1602 8 1607 .
51 1618 65 1646 '¹

60 1653 66 1666 1

60 2119 74 2158 ‚i

60 2281 75 2326 ’ἡ

58 2525 91 2538 x

217 1386 473 1438 mensque
503 1370 672 1453 magis
701 1369 885 1452 gracili
917 1387 1133 1440 corpore
1163 1379 1342 1423 nostra
1372 1370 1528 1423 valet.

47 1468 59 1506 ᾗ
142 1457 269 1493 cum
300 1440 436 1494 bene
466 1458 778 1523 quaesierls,
809 1439 937 1510 quid
968 1458 1148 1509 agam:
1180 1441 1350 1511 magis
1382 1441 1509 1494 utile
1538 1441 1612 1494 nil
1642 1449 1722 1494 est

217 1510 419 1564 artibus
449 1510 555 1575 h1s,
587 1529 723 1579 quae
753 1510 826 1563 nil
856 1510 1095 1563 utilitatis
1127 1510 1339 1564 habent.

140 1598 438 1651 consequor
468 1600 534 1635 ex
562 1581 664 1634 illis
695 1599 847 1634 casus
878 1580 1074 1634 oblivia
1103 1582 1292 1634 nostri:

214 1651 353 1707 hanc
382 1670 608 1706 messem
639 1651 765 1705 satis
796 1661 876 1705 est
906 1652 949 1705 si
979 1671 1099 1706 mea
1129 1652 1300 1706 reddit
1329 1652 1540 1707 humus.

8 1751 9 1754 ¹
51 1715 69 1770 ⁵3²<
140 1722 315 1795 gloria
343 1740 438 1777 vos
469 1731 647 1787 acuat3
679 1741 798 1786 vos,
828 1732 888 1776 ut
917 1724 1134 1777 recitata
1164 1724 1452 1794 probentur

215 1793 474 1858 carmina,
504 1793 695 1848 Pieriis
725 1794 996 1864 invigilate
1027 1794 1216 1847 choris.

8 1859 10 1873 '
139 1865 289 1935 quod
317 1864 461 1919 venit
490 1883 558 1919 ex
586 1864 754 1929 facili,
787 1866 912 1919 satis
944 1875 1024 1918 est
1054 1884 1367 1936 componere
1398 1865 1568 1929 nobis,

215 1944 268 1991 et
296 1935 452 1990 nimis
482 1935 669 1990 intenti
699 1954 860 1989 causa
888 1936 1084 1989 laboris
1115 1937 1281 1990 abest.

54 2018 71 2085 32
120 2025 238 2076 ,cur
267 2025 368 2078 ego
398 2006 620 2060 sollicita
649 2006 846 2078 poliam
875 2026 995 2060 mea
1025 2008 1259 2061 carmina
1289 2008 1447 2060 cura?

215 2098 284 2132 an
313 2096 523 2142 verear,
554 2096 622 2132 ne
652 2095 758 2131 non
789 2078 1047 2149 approbet
1077 2078 1168 2131 illa
1199 2077 1397 2132 Getes?

55 2158 70 2230 *J
139 2148 362 2203 forsitan
393 2148 644 2203 audacter
673 2148 892 2213 faciam,
924 2149 1018 2202 sed
1046 2149 1242 2219 glorior
1271 2150 1517 2202 Histrum

45 2232 77 2270 ‘⁴255

212 2219 427 2291 ingenio
457 2220 664 2273 nullum
694 2220 864 2273 maius
894 2220 1090 2274 habere
1119 2238 1255 2274 mec.

74 2343 75 2346 ,
141 2291 266 2355 hoc,
296 2290 389 2344 ubi
419 2290 709 2345 vivendum
739 2299 841 2354 est,
874 2291 999 2344 satis
1031 2300 1135 2354 est,
1167 2291 1212 2344 si
1242 2309 1561 2360 consequor,
1593 2309 1738 2354 arVO,

211 2362 348 2416 inter
375 2361 690 2415 inhumanos
721 2380 836 2416 esse
866 2371 1022 2433 poeta
1054 2361 1238 2416 Getas,

138 2451 248 2503 quo
278 2432 433 2498 mihi,
464 2433 734 2487 diversum
763 2433 908 2486 fama
937 2434 1255 2487 contendere
1285 2434 1339 2486 in
1369 2434 1583 2487 orbem?

212 2522 371 2575 quem
400 2504 613 2558 fortuna
643 2504 810 2568 dedit,
841 2504 1014 2557 Roma
1045 2504 1112 2558 sit
1140 2504 1227 2558 ille
1257 2505 1421 2558 locus.

140 2573 242 2629 hoc
271 2594 391 2630 mea
420 2583 668 2630 contenta
697 2584 777 2629 est
804 2575 989 2629 infelix
1019 2575 1183 2629 Musa
1213 2575 1440 2630 theatro:

214 2646 288 2700 sic
317 2647 510 2710 merui,
539 2647 720 2718 magni
751 2646 826 2701 sic
856 2648 1069 2700 voluere
1101 2647 1202 2700 dei.

140 2735 240 2771 nec
268 2735 410 2780 reor,
439 2717 563 2771 hinc
591 2718 727 2771 istuc
755 2718 947 2771 nostris
978 2718 1076 2771 iter
1105 2737 1221 2772 esse
1251 2718 1458 2782 libellis,

213 2806 320 2857 quo
349 2788 538 2841 boreas
567 2788 731 2858 pinna
760 2788 1035 2842 deficiente
1064 2789 1223 2842 venit.

138 2859 426 2913 dividimur
455 2859 626 2923 cae103
655 2876 899 2928 quaeque
929 2868 1006 2912 est
1037 2860 1221 2929 procul
1250 2859 1383 2912 urbe
1414 2859 1644 2927 Quirini,

213 2930 400 3000 aspicit
428 2929 658 2983 hirsutos
689 2930 980 2982 comminus
1011 2929 1155 2982 Ursa
1186 2928 1371 2983 Getas·

141 3018 237 3071 per
265 3009 472 3054 tantum
502 3009 696 3064 terrae,
727 3009 805 3053 tot
834 3018 998 3069 aquas
1030 3001 1119 3053 vix
1149 3001 1362 3054 credere
1391 3018 1608 3071 possum

213 3071 466 3125 indicium
496 3071 658 3125 studii
687 3071 1011 3124 transiluisse
1042 3072 1161 3124 mei.

142 3142 284 3213 finge
313 3142 444 3214 legi,
476 3143 726 3212 quodque
757 3151 836 3195 est
863 3142 1127 3205 mirabile,
1159 3142 1300 3212 finge
1330 3142 1564 3212 placere:

215 3222 482 3267 auctorem
513 3223 653 3267 certe
683 3232 767 3267 res
796 3213 944 3266 iuvat
973 3213 1075 3266 ista
1103 3213 1249 3265 nihil.

141 3283 272 3352 quid
301 3284 420 3348 tibi,
451 3285 495 3338 si
525 3285 751 3347 calidae,
782 3284 970 3355 prosit,
1000 3284 1216 3338 laudere
1249 3283 1478 3354 Syenae,

215 3363 306 3407 aut
335 3355 428 3408 ubi
457 3355 813 3426 Taprobanen
842 3355 1028 3408 Indica
1058 3355 1223 3426 cingit
1252 3356 1423 3425 aqua?

141 3423 299 3477 altius
329 3425 405 3478 ire
434 3426 594 3479 libet?
624 3427 668 3479 si
699 3436 750 3480 te
781 3427 1030 3480 distantia
1058 3427 1217 3497 longe

213 3494 494 3548 Pleiadum
522 3497 738 3552 laudent
767 3498 941 3569 signa,
973 3498 1103 3567 quid
1132 3497 1255 3552 inde
1285 3497 1459 3552 feras?

235 3576 345 3613 ουίαει·
364 3579 426 3614 voe.
442 3578 512 3614 ΠΙ.
1514 3582 1569 3624 15

1756 336 1863 390 225

1891 537 1947 576 40

1812 888 1944 931 '45

1889 1600 1942 1640 55

1889 1954 1943 1994 60

1885 2309 1939 2348 65

1886 2666 1939 2704 70

1883 3019 1936 3057 75

1882 3373 1938 3412 80
