2158 3906
467 322 781 370 TRISTIUM
810 323 932 369 ΜΒ.
962 323 1000 368 Ι.
1031 323 1118 380 xl,
1149 322 1384 368 23—L113.
1417 323 1480 379 11,
1513 323 1581 368 62.
1780 308 1883 363 135

171 425 395 484 forsitan
423 432 483 477 ut
513 424 781 493 quondam
811 424 1159 479 Teuthrantia
1188 443 1353 495 regna
1382 424 1596 487 tenenti,

246 498 322 552 sic
350 494 480 549 mihi
509 514 592 548 res
624 496 809 549 eadem
840 496 1031 549 vulnus
1064 514 1323 566 opemque
1352 494 1503 558 ferat,
1913 508 1969 549 20

0 587 4 630 5
174 569 466 636 Musaque,
497 584 658 635 quam
688 567 874 630 movit,
907 576 1103 619 motam
1134 584 1344 636 quoque
1373 566 1532 620 leniat
1561 566 1717 619 iram:

0 639 4 706 ᾖ
247 645 464 693 exorant
493 655 714 706 magnos
747 638 979 690 carmina
1009 657 1165 708 saepe
1198 638 1340 691 deos.
1370 649 1373 652 ’

0 709 5 724 '
43 706 47 713 ¹
172 711 287 782 ipse
317 725 529 778 quoque
559 707 828 760 Ausonias
862 706 1062 761 Caesar
1091 718 1387 776 matresque
1418 723 1686 775 nurusque

247 779 480 835 carmina
512 779 802 848 turrigerae
835 778 1006 832 dicere
1038 779 1189 831 iussit
1221 777 1354 848 Opi:

175 852 397 906 iusserat
427 858 480 904 et
507 848 730 903 Phoebo
762 850 889 912 dici,
921 867 1025 918 quo
1056 859 1291 920 tempore
1322 848 1475 902 ludos
1915 863 1971 903 25

247 920 397 984 fecit,
428 938 561 990 quos
592 929 735 973 aetas
767 920 953 990 aspicit
982 940 1088 973 una
1118 921 1295 974 semel.

174 993 257 1047 his
287 1010 474 1063 precor
504 991 759 1061 exemplis
791 1001 882 1044 tua
912 1010 1077 1055 nunc,
1109 991 1381 1044 mitissime
1414 988 1631 1053 Caesar,

136 1079 140 1083 ·
246 1063 339 1116 fiat
368 1063 436 1115 ab
465 1062 677 1132 ingenio
709 1062 915 1115 mollior
943 1063 1021 1115 ira
1051 1080 1184 1116 meo·

172 1135 266 1188 illa
294 1133 510 1204 quidem
538 1133 676 1187 iusta
707 1143 808 1196 est,
840 1152 937 1186 nec
967 1152 1051 1187 me
1082 1132 1335 1186 meruisse
1365 1131 1597 1201 negabo:

248 1223 355 1258 non
385 1204 517 1258 adeo
547 1213 724 1257 nostro
756 1204 894 1273 fugit
926 1204 992 1256 ab
1023 1222 1111 1257 ore
1141 1203 1327 1273 pudor.
1917 1216 1973 1256 80

174 1276 272 1330 sed
300 1275 400 1328 nisi
429 1292 755 1345 peccassem,
787 1274 916 1343 quid
946 1284 1003 1326 tu
1035 1274 1320 1326 concedere
1351 1272 1564 1341 posses?

248 1345 521 1399 materiam
551 1345 736 1398 veniae
769 1363 880 1398 sors
911 1344 1005 1397 tibi
1035 1354 1213 1396 nostra
1244 1342 1403 1395 dedit.
1438 1366 1446 1376 ·

173 1417 223 1471 si
252 1416 493 1486 quotiens
523 1424 745 1487 peccant
775 1415 1036 1476 homines,
1068 1433 1164 1467 sua
1194 1413 1416 1466 fulmina
1445 1412 1619 1465 mittat

247 1486 512 1558 Iuppiter,
543 1486 737 1556 exiguo
768 1495 1003 1556 tempore
1033 1485 1245 1539 inermis
1276 1484 1397 1537 erit:

174 1576 318 1613 nunc
348 1557 440 1611 ubi
471 1556 707 1610 detonuit
736 1557 1059 1626 strepituque
1092 1555 1343 1609 exterruit
1374 1554 1574 1615 orbem,
1915 1569 1969 1609 35

248 1647 439 1700 purum
469 1628 717 1681 discussis
749 1632 870 1681 a‘e'ra
900 1627 1071 1681 reddit
1101 1627 1268 1696 aquis.

174 1700 290 1755 >iure
319 1699 479 1770 igitur
507 1699 820 1769 genitorque
851 1698 1009 1751 deum
1040 1707 1316 1766 rectorque
1348 1706 1582 1759 vocatur,

247 1771 360 1824 iure
391 1787 560 1841 capax
588 1769 818 1823 mundus
852 1769 925 1822 nil
955 1770 1084 1823 Iove
1116 1769 1285 1821 maius
1316 1767 1490 1820 habet.

174 1850 239 1896 tu
268 1859 504 1911 quoque,
535 1859 656 1895 cum
684 1841 883 1911 patriae
913 1850 1084 1894 rector
1113 1840 1288 1893 dicare
1318 1849 1590 1909 paterque,

249 1921 396 1966 utere
425 1930 571 1965 more
603 1911 688 1965 dei
717 1927 909 1965 nomen
940 1911 1181 1964 habentis
1213 1910 1369 1963 idem.
1919 1925 1976 1964 40

174 1983 338 2052 >idque
368 1982 523 2046 facis,
553 2000 651 2036 nec
679 1990 730 2036 te
761 1983 1041 2051 quisquam
1071 1981 1391 2035 moderatius
1423 1997 1676 2048 umquam

250 2053 457 2123 imperii
485 2053 656 2124 potuit
685 2053 834 2107 frena
863 2062 1039 2107 tenere
1070 2053 1166 2105 sui.

177 2134 239 2178 tu
268 2124 478 2178 veniam
506 2124 644 2194 parti
672 2133 948 2194 superatae
980 2142 1136 2194 saepe
1168 2123 1372 2185 dedisti,

251 2213 358 2248 non
389 2213 733 2249 concessurus
764 2213 923 2264 quam
953 2195 1048 2247 tibi
1078 2194 1245 2247 victor
1275 2202 1407 2246 erat:

27 2294 33 2308 ι
103 2327 109 2331 ,
177 2266 375 2320 divitiis
406 2266 566 2319 etiam
596 2266 788 2318 multos
821 2275 873 2318 et
902 2265 1188 2319 honoribus
1219 2274 1401 2317 auctos
1919 2279 1974 2319 45

252 2336 385 2400 vidi,
416 2337 508 2405 qui
537 2337 765 2389 tulerant
794 2336 848 2389 in
879 2347 1035 2406 caput
1067 2355 1212 2388 arma
1241 2345 1408 2387 tuum.

180 2425 424 2477 quaeque
455 2407 565 2461 dies
596 2407 817 2471 bellum,
849 2408 973 2461 belli
1003 2408 1097 2459 tibi
1127 2406 1338 2459 sustulit
1366 2406 1516 2468 iram,

251 2496 477 2550 parsque
509 2478 663 2547 simul
693 2479 901 2548 templis
932 2489 1153 2547 utraque
1186 2478 1323 2530 dona
1354 2477 1489 2529 tulit.

179 2558 345 2619 utque
375 2559 496 2602 tuus
527 2549 724 2620 gaudet
752 2550 928 2611 -mileS‚
960 2549 1102 2618 quod
1134 2548 1317 2602 vicerit
1347 2547 1569 2610 hostem,

255 2621 329 2674 sic
358 2620 556 2675 victum
586 2639 680 2674 cur
709 2640 765 2674 se
795 2621 1049 2691 gaudeat,
1081 2620 1244 2672 hostis
1275 2618 1449 2672 habet.
1920 2635 1977 2674 50

180 2710 344 2745 causa
371 2710 491 2744 mea
519 2700 599 2744 est
627 2692 834 2753 melior,
865 2692 957 2760 qui
986 2709 1083 2745 nec
1114 2690 1375 2744 contraria
1404 2690 1550 2743 dicor

255 2781 400 2815 arma
429 2780 527 2815 nec
557 2761 769 2815 hostiles
802 2781 915 2815 esse
947 2771 1156 2816 secutus
1188 2779 1346 2831 opes.·

182 2852 279 2904 per
307 2851 476 2896 mare,
507 2851 602 2902 per
631 2841 820 2896 terraS,
851 2852 945 2903 per
975 2834 1128 2886 tertia
1159 2832 1377 2884 numina
1406 2832 1538 2892 ium,

254 2920 350 2974 per
378 2913 430 2957 te
460 2912 790 2973 praesentem
821 2903 1268 2973 conspicuumque
1300 2902 1480 2954 deum:

184 2974 323 3028 hanc
353 2973 583 3026 animam
612 2974 806 3028 favisse
836 2974 957 3037 tibi,
988 2974 1068 3026 vir
1096 2973 1350 3035 maxime,
1382 2990 1589 3041 meque,
1924 2989 1977 3027 55

257 3062 363 3114 qua
393 3045 504 3097 sola
533 3045 706 3114 potui,
739 3054 912 3098 mente
942 3045 1104 3098 fuisse
1135 3054 1300 3096 tuum.

118 3183 122 3187 ῃ
184 3116 390 3186 optavi,
421 3124 626 3185 peteres
657 3117 901 3170 caelestia
930 3116 1103 3169 sidera
1133 3115 1297 3177 tarde,

258 3204 484 3256 parsque
514 3186 594 3239 fui
623 3188 808 3240 turbae
839 3207 1003 3257 parva
1033 3186 1294 3257 precantis
1324 3185 1484 3246 idem,

187 3265 242 3310 et
269 3257 359 3327 pia
387 3267 506 3310 tura
536 3258 657 3311 dedi
686 3277 782 3328 pro
814 3268 888 3322 te,
920 3277 1147 3327 cumque
1178 3257 1421 3309 omnibus
1453 3275 1591 3309 unus

159 3392 162 3396 ,
261 3327 374 3398 ipse
403 3346 614 3398 quoque
646 3329 824 3382 adiuvi
854 3330 1069 3400 publica
1099 3337 1221 3382 vota
1250 3328 1396 3381 meis·
1927 3343 1982 3381 60

189 3397 318 3466 quid
347 3399 571 3452 referam
600 3400 760 3454 libros
789 3431 861 3438 —
888 3401 1005 3453 illos
1035 3418 1271 3470 quoque,
1306 3399 1523 3452 crimina
1553 3408 1732 3451 nostra
1767 3429 1837 3436 —

262 3467 403 3523 mille
433 3470 559 3524 locis
591 3473 775 3542 plenos
806 3472 1031 3525 nominis
1063 3491 1176 3525 esse
1207 3471 1316 3524 tui?
