2158 3906
338 362 443 416 272
893 368 948 411 Ρ.
982 366 1191 413 OVIDII
1220 366 1492 413 NASONIS

262 494 311 532 15
344 482 433 530 ‘en
466 492 564 544 ego
594 473 850 525 laetarum
883 469 1037 522 venio
1068 469 1164 521 tibi
1193 470 1379 521 nuntia
1407 471 1583 522 rerum

414 546 609 604 Fama,
641 561 735 611 per
764 542 1030 593 inmensas
1061 545 1180 593 ae're
1209 541 1359 609 lapsa
1389 540 1518 592 vias.

346 616 560 670 consule
590 612 872 682 PompeiO,
906 629 1011 679 quo
1041 629 1149 663 non
1178 611 1273 663 tibi
1304 611 1472 663 carior
1502 612 1648 673 alter,

417 684 670 738 candidus
704 693 755 736 et
785 682 912 735 felix
942 682 1212 751 proximus
1243 701 1412 734 annus
1444 682 1573 734 erit?

346 757 499 817 dixit,
533 765 584 808 et
614 763 672 806 ut
701 755 840 806 laet-0
872 753 1106 805 Pontum
1134 771 1344 806 rumore
1373 753 1610 822 replevit,

260 847 315 885 20
417 827 485 879 ad
514 835 698 896 gentes
730 825 857 876 alias
890 824 1012 876 hinc
1043 824 1142 880 dea
1171 824 1327 876 vertit
1355 824 1468 876 iter.

347 908 398 951 at
427 897 557 949 mihi
588 895 804 965 dilapsis
834 895 971 947 inter
999 913 1139 947 nova
1167 894 1365 963 gaudia
1395 895 1532 947 curis

418 967 612 1022 excidit
643 967 897 1035 asperitas
929 965 1084 1018 huius
1115 966 1296 1033 iniqua
1325 965 1441 1018 loci.

347 1058 473 1109 ergo
504 1039 620 1100 ubi,
652 1038 781 1090 Iane
813 1038 1016 1106 bicePS,
1047 1037 1268 1106 longum
1298 1037 1611 1090 reseraveris
1643 1056 1857 1098 annum,

415 1111 597 1180 pulsus
629 1118 681 1162 et
711 1128 742 1161 a
774 1126 921 1160 sacro
952 1126 1133 1160 mense
1163 1107 1464 1160 December
1493 1107 1607 1169 erit,

262 1197 313 1236 25
346 1200 580 1252 purpura
608 1179 925 1249 Pompeium
956 1178 1148 1231 summi
1178 1178 1374 1231 velabit
1403 1178 1633 1242 honoris,

419 1271 485 1305 ne
516 1252 679 1304 titulis
712 1251 997 1319 quicquam
1028 1250 1218 1303 debeat
1246 1249 1334 1302 ille
1364 1249 1495 1302 suis!

348 1342 561 1377 cernere
591 1323 698 1375 iam
729 1322 912 1375 videor
941 1321 1115 1391 rumpi
1145 1339 1314 1391 paene
1345 1320 1478 1373 atria
1508 1320 1679 1383 turba,

418 1404 470 1447 et
500 1394 756 1464 populum
784 1393 924 1445 laedi
955 1392 1228 1445 deficiente
1258 1392 1391 1455 1000,

346 1465 645 1534 templaque
677 1464 935 1533 Tarpeiae
966 1464 1195 1533 primum
1225 1463 1320 1515 tibi
1350 1463 1488 1516 sedis
1520 1462 1668 1525 adiri,

262 1554 317 1592 30
422 1548 473 1588 et.
503 1535 617 1588 fieri
646 1535 827 1588 faciles
858 1535 913 1586 in
941 1543 1034 1586 tua
1064 1543 1188 1586 vota
1219 1534 1362 1596 deOS,

349 1608 482 1660 colla
512 1607 675 1659 boves
705 1606 886 1659 niveos
919 1615 1090 1658 certae
1121 1605 1374 1675 praebere
1406 1605 1592 1667 securi,

419 1696 552 1745 quos
585 1677 714 1730 aluit
745 1677 942 1746 campis
975 1676 1139 1729 herba
1167 1675 1378 1728 Falisca
1409 1677 1539 1728 suis:

348 1767 576 1816 cumque
608 1749 732 1800 deos
765 1766 970 1809 omneS,
1003 1756 1140 1809 tum,
1173 1765 1306 1815 quos
1337 1747 1623 1816 impensius
1656 1763 1852 1815 aequos

417 1838 531 1872 esse
560 1819 655 1870 tibi
687 1819 891 1887 cupias,
925 1837 1046 1870 cum
1076 1818 1205 1871 Iove
1237 1815 1437 1870 Caesar
1467 1827 1634 1870 erunt.

260 1907 313 1946 35
347 1891 492 1943 curia
522 1899 573 1942 te
603 1889 853 1958 excipiet,
884 1897 1166 1958 patresque
1197 1907 1225 1940 e
1255 1907 1401 1941 more
1432 1888 1606 1940 vocati

416 1960 689 2014 intendent
720 1978 871 2012 aures
904 1959 972 2012 ad
1001 1968 1093 2011 tua
1123 1959 1286 2011 verba
1316 1978 1454 2011 suas.

343 2032 440 2085 hos
471 2032 564 2083 ubi
594 2031 823 2083 facundo
855 2039 947 2082 tua
976 2048 1082 2082 vox
1111 2029 1412 2083 hilaraverit
1441 2048 1548 2092 ore,

414 2112 578 2170 utque
609 2103 765 2164 solet,
796 2102 973 2154 tulerit
1002 2120 1255 2171 prospera
1285 2101 1448 2154 verba
1479 2101 1607 2164 dies,

345 2174 515 2243 egeris
547 2183 598 2226 et
629 2173 841 2226 meritas
873 2172 1075 2242 superis
1107 2191 1230 2224 curn
1261 2170 1491 2225 Caesare
1522 2181 1698 2241 grates

259 2263 314 2301 40
416 2244 533 2312 (qui
564 2263 806 2307 causam,
837 2244 1001 2296 facias
1033 2262 1126 2297 cur
1155 2243 1252 2305 ita,
1285 2262 1442 2314 saepe
1473 2243 1661 2312 dabit),

343 2316 466 2368 inde
499 2316 715 2368 domum
745 2326 950 2385 repetes
981 2323 1090 2367 toto
1123 2315 1405 2368 comitante
1437 2323 1639 2377 senatn,

418 2386 653 2439 officium
683 2386 865 2456 populi
896 2387 985 2438 vix
1017 2386 1255 2454 capiente
1286 2386 1459 2438 domo.

344 2476 429 2510 me
461 2458 734 2519 miserum,
765 2457 922 2509 turba
951 2457 1094 2524 quod
1124 2475 1230 2508 non
1261 2475 1360 2525 ego
1390 2475 1574 2509 cernar
1603 2456 1657 2507 in
1688 2456 1793 2518 illa,

415 2547 513 2580 nec
544 2537 791 2596 poterunt
820 2528 930 2579 istis
960 2528 1160 2579 lumina
1189 2536 1369 2579 nostra
1398 2526 1523 2578 frui!

260 2615 314 2654 45
347 2599 490 2667 quod
520 2600 665 2660 licet,
699 2599 995 2660 absentem,
1028 2616 1134 2664 qua
1164 2616 1405 2667 possum,
1436 2606 1611 2650 mente
1643 2597 1857 2650 videbo:

417 2670 634 2739 aspiciet
657 2670 840 2727 ,vultus
873 2668 1102 2721 consulis
1132 2668 1221 2720 illa
1251 2669 1348 2721 sui.

347 2741 399 2792 di
430 2741 649 2803 faciant,
683 2740 858 2808 aliquo
891 2741 1078 2792 subeat
1109 2739 1204 2791 tibi
1233 2749 1469 2809 tempore
1499 2748 1735 2791 nostrum

416 2830 632 2873 nomen,
666 2820 718 2863 et
749 2810 924 2863 ‘heul’
957 2811 1098 2862 dicas
1129 2811 1282 2878 ‘quid
1310 2810 1584 2863 miser-ille
1615 2809 1793 2862 facit?’

343 2882 475 2935 haec
506 2893 597 2934 tua
627 2882 899 2951 pertulerit
928 2882 972 2934 si
1001 2881 1118 2949 quis
1148 2881 1278 2933 mihi
1307 2881 1492 2944 verba,
1523 2881 1730 2934 fatebor

261 2971 315 3009 50
416 2954 652 3023 protinus
685 2952 900 3005 exilium
929 2952 1137 3005 mollius
1158 2972 1282 3005 esse
1313 2971 1506 3006 meum.

1162 3067 1231 3120 V.

343 3165 448 3227 Ite,
481 3167 622 3218 leves
654 3166 813 3235 elegi,
846 3166 1026 3218 doctas
1058 3166 1125 3218 ad
1155 3163 1382 3218 consulis
1413 3184 1582 3226 aureS,
1791 3161 2051 3206 EIDEM·
2096 3186 2113 3223 5-

417 3236 685 3304 verbaque
715 3237 970 3289 honorato
1001 3236 1133 3289 ferte
1163 3237 1390 3305 legenda
1418 3236 1547 3289 viro,

344 3306 504 3375 longa
533 3307 619 3358 via
650 3317 751 3369 est,
782 3325 879 3359 nec
911 3325 1004 3358 vos
1034 3307 1257 3375 pedibus
1288 3306 1568 3376 proceditis
1601 3305 1797 3373 aequis,

415 3386 659 3443 tectaque
691 3377 917 3429 brumali
948 3377 1046 3428 sub
1077 3377 1198 3429 nive
1229 3386 1366 3429 terra
1395 3378 1537 3428 latet.

290 3464 316 3503 5
347 3465 468 3500 cum
497 3447 728 3516 gelidam
760 3447 1003 3499 Thracen
1034 3456 1085 3500 et
1116 3456 1357 3516 opertum
1387 3447 1618 3500 nubibus
1649 3448 1919 3499 Haemum

419 3527 470 3571 et
499 3518 657 3571 maris
690 3518 823 3571 Ionii
855 3517 1160 3572 transieritis
1191 3536 1373 3587 aquaS,
