2158 3906
325 309 429 363 208
881 316 933 358 P.
968 315 1178 359 OVIDII
1208 314 1480 361 NASONIS

403 424 457 474 in
488 420 697 491 gemino
730 418 907 486 dispar
938 417 1023 468 cui
1052 416 1188 486 pede
1221 417 1391 469 cultus
1424 408 1556 469 erat:

219 512 302 552 345
333 502 392 547 ut
422 487 521 544 fuit
554 489 756 542 Oetaeo
788 487 1080 555 quondam,
1111 505 1411 556 generoque
1443 488 1749 551 draconum,

403 559 777 626 Tisamenique
807 557 966 627 patri,
1001 555 1398 625 Callirho‘e'sque
1429 558 1557 610 viro.

330 652 429 687 nec
460 631 555 683 tibi
587 629 856 697 contingat.
887 637 1126 681 matrona
1155 629 1394 697 pudicior
1424 629 1528 691 illa,

401 722 505 772 qua
535 700 706 771 potuit
736 700 953 769 Tydeus
986 699 1256 752 erubuisse
1287 719 1446 752 nuru:

331 791 571 842 quaeque
604 771 686 823 sui
715 770 885 822 iunxit
915 771 1181 823 Venerem
1213 789 1334 823 cum
1363 770 1524 823 fratre
1557 771 1747 835 mariti,

217 864 300 903 350
404 842 591 895 Locris
622 842 676 893 in
708 841 927 894 ancillae
959 841 1285 894 dissimulata
1314 861 1458 895 nece.

329 925 438 968 tam
470 931 706 982 quoque,
740 912 793 963 di
823 911 1043 975 faciant,
1075 912 1245 981 possis
1275 912 1508 982 gaudere
1538 912 1681 965 fideli

402 984 650 1054 coniuge,
683 1001 842 1052 quam
873 982 1025 1035 Talai
1055 983 1429 1052 Tyndareique
1459 1002 1637 1054 gener,

330 1074 569 1125 quaeque
600 1073 785 1125 parare
816 1053 923 1106 suis
954 1054 1118 1106 letum
1149 1054 1474 1123 patruelibus
1507 1073 1666 1107 ausae

400 1126 613 1179 Belides
647 1125 858 1178 assidua
890 1125 1024 1177 colla
1053 1134 1366 1194 premuntur
1395 1143 1550 1193 aqua.

216 1217 297 1256 355
330 1197 587 1268 Byblidos
620 1206 672 1250 et
703 1195 964 1258 Canaces,
998 1196 1132 1248 sicut
1161 1196 1317 1258 faciS,
1350 1196 1531 1249 ardeat
1559 1196 1682 1266 igne

401 1287 498 1322 nec
529 1268 629 1320 nisi
659 1287 754 1337 per
785 1268 981 1320 crimen
1014 1267 1080 1319 sit
1110 1267 1206 1319 tibi
1235 1267 1342 1320 fida
1372 1283 1533 1320 soror.

329 1340 438 1392 filia
469 1339 512 1391 si
542 1339 724 1400 fuerit,
758 1339 821 1391 sit
853 1338 996 1407 quod
1025 1338 1262 1408 Pelopea
1290 1338 1529 1408 Thyesti,

401 1410 626 1480 Myrrha
658 1428 750 1462 suo
782 1410 942 1479 patri,
973 1409 1394 1478 Nyctimeneque
1426 1427 1538 1462 suo.

329 1501 463 1534 neve
495 1481 664 1551 magis
695 1480 782 1550 pia
813 1481 878 1532 sit
910 1480 1172 1549 capitique
1204 1481 1435 1549 parentis
1466 1480 1651 1544 amica,

216 1571 300 1612 360
403 1571 564 1620 quam
595 1571 689 1604 sua
720 1551 803 1603 vel
834 1551 1103 1612 Pterelae,
1136 1552 1219 1604 vel
1250 1551 1369 1614 tibi,
1400 1551 1551 1613 Nise,
1583 1552 1708 1604 fuit:

330 1623 687 1691 infamemque
718 1622 892 1674 locum
925 1622 1132 1675 sceleris
1164 1639 1299 1690 quae
1330 1622 1542 1674 nomine
1573 1622 1715 1686 fecit,

401 1694 590 1764 pressit
621 1702 672 1746 et
701 1693 928 1746 inductis
959 1693 1196 1745 membra
1226 1702 1444 1763 paterna
1473 1694 1616 1745 rotis.

330 1774 390 1817 ut
419 1765 635 1817 iuvenes
667 1783 875 1832 pereas,
908 1763 1142 1833 proiecta
1173 1764 1430 1817 cadavera
1460 1781 1702 1832 quorum,

403 1853 599 1903 oraque
630 1834 853 1887 Pisaeae
885 1835 1179 1887 sustinuere
1209 1834 1372 1887 fores:

215 1926 299 1965 365
331 1915 389 1959 ut
420 1906 511 1974 qui
540 1905 810 1976 perfusam
840 1905 1151 1957 miserorum
1182 1905 1342 1958 caede
1372 1922 1653 1974 procorum

400 1977 513 2046 ipse
546 1995 640 2029 suo
670 1977 856 2028 melius
890 1976 1146 2046 sanguine
1178 1975 1331 2028 tinxit
1360 1975 1605 2028 humum:

330 2048 566 2118 proditor
595 2056 655 2100 ut
685 2047 830 2101 saevi
859 2047 1012 2117 periit
1043 2047 1228 2117 auriga
1258 2046 1483 2116 tyranni,

401 2119 492 2188 qui
523 2137 661 2171 nova
690 2118 937 2187 Myrtoae
967 2118 1182 2170 nomina
1210 2117 1337 2171 fecit
1366 2136 1558 2186 aquae:

329 2199 389 2242 ut
419 2190 510 2258 qui
540 2190 775 2242 velocem
805 2189 1000 2242 frustra
1029 2189 1226 2259 petiere
1255 2189 1504 2258 puellam,

215 2279 299 2320 370
401 2260 529 2313 dum
558 2261 699 2314 facta
730 2269 809 2313 est
838 2261 1007 2330 pomis
1037 2260 1232 2313 tardior
1261 2261 1350 2312 illa
1381 2260 1572 2312 tribus:

330 2340 390 2384 ut
419 2331 511 2400 qui
540 2340 679 2385 tecta
707 2332 832 2384 novi
861 2332 1085 2384 formam
1117 2331 1341 2384 celantia
1370 2331 1588 2383 monstri

401 2403 661 2455 intrarunt
692 2421 880 2456 caecae
910 2420 1016 2455 non
1046 2402 1316 2456 redeunda
1347 2401 1558 2454 domus:

331 2483 390 2526 ut
421 2492 644 2541 quorum
673 2473 936 2526 Aeacides
967 2473 1109 2525 misit
1139 2473 1400 2526 violentus
1429 2473 1484 2524 in
1515 2472 1680 2525 altum

404 2563 623 2613 corpora
653 2563 773 2597 cum
805 2544 942 2596 senis
974 2545 1138 2596 altera
1169 2562 1295 2596 sena
1324 2561 1536 2613 rogum:

217 2634 299 2674 375
331 2624 391 2668 ut
422 2633 553 2683 quos
563 2654 577 2677 ,
610 2614 818 2667 obscuri
849 2615 1013 2667 victos
1045 2615 1360 2684 ambagibus
1390 2614 1510 2676 oris,

401 2685 626 2755 legimus
657 2685 906 2738 infandae
938 2685 1182 2756 Sphinga
1212 2686 1418 2738 dedisse
1447 2685 1587 2739 neci:

332 2766 390 2809 ut
420 2756 512 2825 qui
541 2756 812 2809 Bistoniae
843 2758 1039 2826 templo
1071 2756 1306 2810 cecidere
1336 2756 1631 2818 Minervae,

400 2837 614 2897 propter
643 2828 787 2896 quod
816 2827 978 2881 facies
1008 2846 1149 2881 nunc
1181 2845 1390 2897 quoque
1421 2837 1560 2881 tecta
1592 2828 1720 2881 deae
1753 2834 1855 2881 est:

329 2907 389 2952 ut
418 2900 510 2967 qui
540 2899 770 2952 Threicii
801 2898 1069 2967 quondam
1098 2899 1406 2969 praesaepia
1434 2899 1574 2969 regis

215 2989 300 3029 380
401 2969 642 3023 fecerunt
673 2970 896 3040 dapibus
928 2971 1332 3040 sanguinolenta
1362 2970 1493 3023 suis:

329 3040 816 3094 Therodamanteos
848 3050 907 3093 ut
938 3041 1030 3109 qui
1061 3060 1268 3095 sensere
1297 3042 1529 3094 leones:⁴

399 3111 594 3181 quique
626 3112 933 3165 Thoanteae
963 3112 1192 3164 Taurica
1223 3130 1370 3165 sacra
1401 3111 1553 3164 deae:

329 3192 386 3234 ut
417 3201 546 3249 quos
580 3182 761 3252 Scylla
791 3201 978 3246 voraX‚
1012 3182 1328 3252 Scyllaeque
1359 3182 1580 3235 adversa
1613 3179 1915 3251 Charybdis

399 3252 681 3306 Dulichiae
712 3253 932 3322 pavidos
966 3253 1203 3322 eripuere
1233 3253 1355 3305 rati:

216 3341 295 3380 385
328 3333 387 3375 ut
417 3341 549 3391 quos
582 3323 789 3376 demisit
820 3332 1023 3375 vastam
1052 3323 1414 3392 Polyphemus
1444 3323 1500 3375 in
1529 3323 1732 3375 alvum:

399 3403 458 3445 ut
489 3393 902 3463 Laestrygonias
934 3394 1025 3462 qui
1055 3393 1261 3446 subiere
1292 3412 1502 3449 manus:

328 3474 387 3517 ut
418 3479 549 3534 quos
581 3465 690 3517 dux
719 3464 933 3518 Poenus
964 3463 1145 3517 mersit
1174 3464 1473 3534 putealibus
1504 3463 1676 3526 undis,
