2158 3906
532 367 882 416 FASTORIJM
910 367 1031 413 ΜΒ.
1063 368 1146 415 1v.
1178 369 1417 414 403—490.
1764 359 1833 413 69

125 471 216 526 illa
245 468 459 539 quidem
488 469 749 523 clamabat
780 470 877 532 ‘io,
909 470 1175 524 carissima
1205 481 1387 534 mater,
1430 492 1439 495 ·

196 539 429 595 auferor!
440 539 453 563 '
483 540 600 610 ipsa
630 559 752 593 suos
784 541 1183 612 abscideratque
1214 542 1375 595 sinus.

42 643 63 663 =.
126 611 372 685 panditur
400 610 600 665 interea
628 610 744 663 Diti
774 612 882 665 via:
912 630 1141 681 namque
1173 613 1418 666 diurnum

13 1052 15 1058 ⁴
62 1091 68 1095 ,
121 1035 342 1090 attonita
371 1044 451 1090 est
472 1036 725 1107 plangore

197 683 376 736 lumen
405 681 669 735 inadsueti
698 682 787 735 vix
817 682 1088 752 patiuntur
1117 684 1254 753 equi.
1467 685 1473 691 ’
1863 704 1951 742 450

124 763 178 808 at
208 753 397 806 chorus
427 752 685 821 aequalis,
718 753 1014 813 cumulatae
1044 754 1172 808 flore
1202 754 1487 818 ministrae,

196 822 601 894 ‘Persephone,'
635 824 864 877 clamant
893 824 986 877 ‘ad
1017 834 1110 877 tua
1139 824 1277 878 dona
1306 826 1474 879 venil'

123 902 182 949 ut
213 893 437 948 clamata
467 893 607 957 silet,
637 904 843 948 montes
874 895 1161 948 ululatibus
1191 896 1411 966 implent

194 974 244 1019 et
275 964 471 1019 feriunt
500 974 731 1019 maestae
800 975 975 1019 ectora
1004 967 1148 1019 nuda
1177 986 1355 1019 manu.

751 984 932 1098 Ceres,
962 1067 1035 1075 —
1064 1037 1221 1090 modo
1247 1047 1462 1091 venerat
1487 1039 1737 1093 Hennam
1762 1072 1829 1079 —
1861 1059 1948 1097 455

56 1158 58 1161 .
192 1125 291 1160 nec
320 1125 466 1161 mora
477 1146 492 1171 ,
525 1113 632 1160 ‘me
662 1107 930 1160 miseram!
962 1107 1110 1168 filia‚'
1143 1107 1274 1160 dixit
1305 1109 1422 1160 ‘ubi
1454 1110 1565 1161 es?'

120 1177 311 1232 mentis
340 1177 493 1248 inops
522 1177 746 1260 rapitur,
777 1178 960 1246 quales
991 1178 1172 1230 audire
1204 1178 1433 1232 solemus

62 1254 76 1297 ἶ
193 1247 466 1301 Threicias
495 1247 627 1300 fusis
659 1247 955 1300 Maenadas
985 1247 1060 1300 ire
1091 1248 1270 1300 comis.

120 1328 180 1373 ut
207 1318 371 1372 vitulo
402 1318 572 1388 mugit
602 1336 698 1370 sua
727 1327 896 1371 mater
926 1318 993 1370 ab
1024 1317 1186 1371 ubere
1217 1329 1385 1388 rapt0,

193 1398 245 1444 et
274 1388 479 1459 quaerit
507 1387 647 1442 fetus
678 1407 771 1458 per
800 1407 986 1442 nemus
1017 1406 1171 1442 omne
1203 1408 1351 1443 suos:
1864 1410 1950 1448 460

122 1460 198 1516 sic
228 1459 344 1514 dea.
417 1477 516 1513 nec
546 1459 733 1513 retinet
760 1459 1013 1529 gemituS,
1046 1470 1098 1512 et
1129 1460 1334 1513 concita
1364 1479 1523 1516 cursu

190 1531 378 1594 fertur,
409 1539 462 1585 et
491 1548 520 1585 e
552 1529 752 1600 campis
783 1530 989 1600 incipit,
1022 1531 1239 1593 Henna,
1272 1531 1391 1584 tuis.

119 1602 242 1656 inde
272 1601 519 1672 puellaris
547 1610 703 1655 nacta
733 1610 812 1654 est
843 1601 1067 1683 vestigia
1095 1602 1308 1673 plantae

193 1682 245 1726 et
273 1690 508 1742 pressam
538 1681 662 1726 noto
693 1671 925 1743 pondere
956 1672 1087 1725 v1dit
1118 1672 1356 1726 humum.

117 1743 339 1799 forsitan
367 1743 456 1796 illa
486 1742 598 1797 dies
629 1743 815 1796 erroris
847 1762 1053 1797 summa
1082 1743 1286 1807 fuisset,
1863 1765 1947 1802 465,

192 1813 236 1867 si
264 1831 370 1867 non
401 1813 699 1881 turbassent
729 1813 882 1884 signa
911 1824 1118 1884 reperta
1149 1834 1288 1869 sues.

117 1885 331 1954 iamque
362 1884 652 1938 Leontinos
682 1885 1067 1954 Amenanaque
1099 1885 1317 1940 flumina
1348 1906 1506 1940 cursu

190 1954 439 2026 praeterit
469 1964 522 2009 et
550 1955 716 2026 ripas,
747 1955 979 2009 herbifer
1008 1956 1137 2019 Aci,
1170 1966 1312 2021 tuas;

116 2025 368 2098 praeterit
398 2034 450 2079 et
481 2023 703 2095 Cyanen
735 2035 786 2079 et
815 2026 987 2080 fontes
1018 2027 1149 2080 lenis
1180 2029 1363 2098 Anapi
1405 2043 1407 2045 ’

192 2106 245 2150 et
273 2105 349 2159 te,
379 2096 663 2150 verticibus
693 2115 800 2149 non
830 2097 1070 2150 adeunde
1104 2096 1257 2151 Gela.
1860 2118 1946 2156 470

116 2167 343 2237 liquerat
373 2165 638 2237 Ortygien
666 2167 1029 2237 Megareaque
1059 2168 1483 2239 Pantagienque,

189 2255 400 2306 quaque
432 2236 779 2307 Symaetheas
811 2239 1000 2309 accipit
1031 2257 1229 2307 aequor
1259 2258 1442 2308 aquas,

118 2318 373 2377 antraque
405 2305 703 2378 Cyclopum
734 2309 917 2379 positis
949 2321 1136 2362 exusta
1167 2311 1402 2373 caminis,

189 2379 384 2448 quique
413 2379 560 2432 locus
590 2398 783 2433 curvae
810 2379 1029 2433 nomina
1063 2380 1213 2433 falcis
1245 2381 1422 2443 habet,

57 2508 81 2518 χ
116 2449 442 2519 Himeraque
473 2459 526 2504 et
553 2449 827 2520 Didymen
857 2451 1271 2521 Acragantaque
1303 2452 1807 2522 Tauromenumque
1858 2473 1942 2510 475

135 2551 139 2555 ·
188 2538 560 2590 sacrarumque
589 2521 780 2590 Mylan
811 2540 1008 2591 pascua
1037 2522 1176 2575 laeta
1208 2523 1385 2576 boum.

116 2589 237 2644 hinc
269 2589 589 2645 Camerinan
620 2592 730 2645 adit
759 2592 1119 2663 Thapsonque
1150 2602 1200 2646 et
1231 2594 1452 2647 Heloria
1479 2594 1701 2665 Tempe,

188 2679 398 2731 quaque
427 2672 571 2732 patet
602 2663 835 2733 zephyro
866 2683 1075 2734 semper
1104 2675 1316 2734 apertus
1347 2665 1513 2735 Eryx.

115 2731 326 2802 iamque
354 2733 690 2787 Peloriadem
721 2734 1112 2803 Lilybaeaque,
1144 2735 1356 2804 iamque
1385 2735 1681 2806 Pachynon

185 2803 459 2867 lustrarat,
490 2813 660 2857 terrae
691 2822 888 2857 cornua
917 2806 1055 2857 trina
1085 2824 1228 2859 suae.
1855 2827 1943 2866 480

116 2890 449 2943 quacumque
478 2874 793 2944 ingreditur,
826 2875 1028 2928 miseris
1058 2876 1175 2928 loca
1205 2887 1396 2930 cuncta
1426 2879 1651 2946 querelis

184 2944 391 3015 implet,
423 2954 483 2998 ut
513 2945 762 2998 amissum
794 2947 1109 3016 cumgemit
1140 2948 1248 3001 ales
1279 2948 1419 3018 Ityn.

115 3032 313 3085 perque
344 3015 484 3069 vices
515 3015 672 3068 modo
705 3015 1136 3086 ‘Persephonel'‚
1167 3018 1325 3070 modo
1358 3018 1537 3071 ‘filiai’
1570 3021 1784 3074 clamat:

187 3086 400 3148 clamat,
434 3095 485 3139 et
516 3085 728 3139 alternis
758 3104 950 3140 nomen
981 3097 1263 3156 utrumque
1295 3089 1412 3142 ciet.

117 3156 210 3210 sed
237 3174 409 3226 neque
438 3156 778 3226 Persephone
811 3155 1058 3212 Cererem
1088 3177 1186 3212 nec
1216 3159 1323 3211 filia
1352 3164 1574 3213 matrem
1852 3183 1938 3222 485

188 3227 358 3290 audit,
389 3236 441 3281 et
470 3227 683 3281 alternis
713 3246 906 3280 nomen
936 3238 1218 3298 utrumque
1250 3231 1399 3300 perit.
1484 3292 1491 3296 ,

117 3314 351 3366 unaque,
381 3307 646 3368 pastorem
675 3298 892 3352 vidisset
922 3318 989 3352 an
1021 3319 1147 3353 arva
1177 3302 1452 3364 colentem,

188 3385 292 3421 vox
322 3377 432 3422 erat
461 3368 585 3422 ‘hac
614 3387 827 3440 gressus
857 3387 1025 3438 ecqua
1054 3372 1231 3441 puella
1262 3372 1434 3424 tulit‘?'

115 3435 222 3492 iam
252 3439 393 3492 color
422 3458 558 3493 unus
587 3440 724 3493 inest
752 3439 938 3503 rebus,
969 3441 1303 3510 tenebrisque
1334 3454 1586 3513 teguntur

190 3508 364 3562 omnia
374 3529 389 3574 3
419 3509 525 3563 iam
552 3511 740 3580 vigiles
771 3511 1067 3566 conticuere
1099 3531 1271 3566 canes.
1851 3535 1938 3573 490
