2158 3906
326 357 416 406 Ex
444 357 663 407 ΡοΝΤο
691 359 815 407 Lm.
837 360 1181 421 1.1x,05-x,
1201 360 1273 408 44
1302 360 1572 421 Lm.11.1‚
1594 363 1749 410 1—36.
1789 353 1901 413 233.

70 456 75 474 ¹
183 461 340 524 ferte,
370 477 580 532 precor,
612 480 844 534 semper,
876 463 1004 534 quia
1032 481 1240 535 semper
1269 463 1544 535 egebimus
1572 465 1680 530 illa,

255 529 500 587 Caesaris
530 531 794 587 offensum
824 534 953 588 dum
982 534 1112 588 mihi
1140 553 1340 590 numen
1369 536 1483 590 erit.

66 602 82 642 ἶ
114 667 115 670 ¹
183 601 274 674 qui
304 601 545 657 meritam
574 603 727 657 nobis
756 605 986 670 minuat,
1016 623 1124 659 non
1153 606 1325 669 finiat,
1355 605 1505 671 iram,

253 671 561 746 suppliciter
589 683 793 730 vestros
823 675 1048 747 quisque
1077 687 1262 748 rogate
1292 676 1437 732 deos.

742 827 938 875 LIBER
968 827 1318 878 SECUNDUS.

65 974 67 979 ⁴
1009 931 1055 985 Ῑ.

41 1037 82 1108 J
110 1037 111 1042 ’
178 1027 304 1083 Huo
326 1043 538 1153 quogue
559 1025 810 1085 Caesarei
833 1030 1073 1101 pervenit
1094 1030 1239 1086 fama
1262 1032 1531 1104 triumphi,
1572 1031 2010 1082 GERMANICO

247 1098 431 1170 langui
470 1117 502 1153 a
531 1117 637 1169 quo
670 1101 796 1155 fessi
826 1101 916 1154 vix
946 1101 1089 1157 venit
1119 1122 1249 1156 aura
1277 1103 1405 1157 noti.
1627 1090 1945 1137 CAESARI.

42 1176 43 1190 ¹
69 1179 79 1233 3
109 1183 111 1186 ⁴
176 1168 251 1224 nil
279 1168 394 1225 fore
424 1169 579 1230 dulce
609 1170 739 1225 mihi
771 1170 1026 1243 Scythica
1054 1174 1271 1244 regione
1300 1175 1507 1245 putavi:

42 1240 43 1274 ³
245 1239 352 1295 iam
383 1235 558 1295 niinus
589 1241 675 1296 hie
705 1243 826 1296 odio
857 1253 961 1308 est,
990 1261 1153 1313 quam
1182 1244 1284 1298 fuit
1313 1255 1458 1307 ante,
1487 1246 1656 1301 locus.

175 1310 389 1367 tandem
419 1311 618 1382 aliquid
646 1314 802 1384 pulsa
832 1333 1077 1368 curarum
1106 1315 1251 1370 nube
1281 1333 1529 1370 serenum
1917 1338 1946 1378 5

245 1381 378 1447 vidi,
409 1382 654 1438 fortunae
685 1385 850 1439 verba
879 1385 1106 1455 dedique
1136 1404 1303 1441 meae.

173 1452 305 1511 nolit
334 1463 394 1508 ut
422 1454 532 1508 ulla.
562 1454 692 1509 mihi
721 1455 1027 1527 contingere
1056 1457 1256 1526 gaudia
1287 1455 1506 1522 Caesar,

39 1561 43 1587 2
244 1524 379 1580 velle
409 1534 582 1596 potest
613 1526 780 1580 cuivis
810 1526 943 1581 haee
973 1537 1150 1582 tamen
1181 1546 1289 1581 una
1317 1527 1447 1581 dari.

40 1619 43 1654 ;
108 1603 110 1605 ’
173 1595 228 1650 di
256 1613 494 1666 quoque,
524 1604 585 1658 ut
614 1615 647 1650 a
676 1597 879 1651 cunetis
909 1595 1063 1652 hilari
1093 1598 1290 1669 pietate
1321 1599 1579 1665 colantur,

40 1714 42 1721 .
104 1676 105 1681 ’
241 1665 508 1721 tristitiam
536 1666 663 1739 poni
693 1686 789 1739 per
818 1686 917 1723 sua
944 1668 1082 1724 festa
1110 1669 1312 1724 iubent.
1919 1692 1976 1732 ιο

40 1736 41 1739 ’
107 1734 109 1802 J
174 1737 401 1808 denique
430 1736 600 1808 (quod
629 1748 804 1793 certus
833 1739 983 1795 furor
1011 1750 1089 1795 est
1120 1741 1316 1796 audere
1346 1740 1527 1813 fateri)

112 1813 114 1818 '
241 1807 343 1863 hae
373 1826 474 1881 ego
503 1808 725 1874 laetitia,
755 1810 800 1865 si
828 1820 972 1866 vetet
1000 1811 1139 1883 ipse,
1170 1812 1334 1866 fruar.

40 1891 41 1925 ἰ
106 1899 108 1903 ’
169 1879 411 1952 Iuppiter
439 1880 659 1935 utilibus
688 1881 932 1952 quotiens
961 1883 1110 1937 iuvat
1139 1882 1397 1938 imbribus
1429 1902 1603 1955 agros,

40 1991 41 2013 2
123 2013 125 2017 ⁴
239 1950 405 2005 mixta
434 1959 594 2006 tenax
623 1952 791 2024 segeti
821 1971 1055 2009 erescere
1084 1954 1245 2037 lappa
1274 1954 1422 2009 solet.

40 2020 41 2083 ἶ
169 2039 264 2076 nos
295 2039 509 2093 quoque
538 2022 856 2095 frugiferum
886 2025 1143 2079 sentimus
1172 2025 1372 2079 mutilis
1403 2026 1569 2081 herba
1916 2047 1971 2087 15

62 2159 63 2162 Ἴ
239 2112 462 2157 numen,
493 2101 545 2148 et
574 2093 740 2149 invita
770 2114 928 2179 saepe
957 2096 1204 2150 iuvamur
1233 2114 1352 2168 ope.

40 2163 41 2227 J
108 2165 116 2220 .“
167 2163 366 2237 gaudia
397 2162 695 2220 Caesareae
725 2176 916 2220 mentis
947 2185 1042 2238 pro
1073 2177 1222 2251 parte
1252 2168 1390 2221 virili

66 2285 74 2291 ,.
238 2243 360 2290 sunt
389 2254 534 2290 mea:
565 2235 758 2307 privati
786 2237 861 2292 nil
890 2238 1051 2293 habet
1079 2239 1171 2292 111a
1200 2238 1406 2293 domus.

166 2306 360 2378 gratia,
390 2306 585 2378 Fama,
615 2307 736 2362 tibi!
767 2327 862 2379 per
891 2326 1052 2378 quam
1083 2319 1321 2380 spectata
1349 2310 1602 2382 triumphi

67 2415 74 2425 ,,
236 2377 440 2432 incluso
469 2378 656 2433 mediis
687 2388 768 2434 est
795 2379 926 2433 mihi
955 2399 1151 2452 pompa
1183 2379 1353 2435 Getis.
1913 2402 1971 2442 20

64 2463 109 2509 J·
166 2447 338 2504 indice
367 2458 420 2503 te
451 2449 634 2514 didici,
663 2469 835 2522 nuper
863 2451 1082 2505 visenda
1112 2452 1281 2507 coisse

236 2519 539 2576 innumeras
567 2530 754 2593 gentes
785 2521 854 2576 ad
884 2522 1033 2577 ducis
1065 2540 1159 2577 ora
1188 2523 1296 2577 sui:

95 2638 98 2645 ,
166 2607 407 2661 quaeque
438 2610 501 2646 ea
538 2591 580 2646 it
608 2593 771 2647 vastis
799 2593 1099 2649 inmensum
1129 2594 1408 2649 moenibus
1439 2593 1639 2660 orbem,

234 2661 331 2716 hos
370 2662 475 2716 itiis
557 2681 734 2718 omam
762 2664 853 2719 vix
882 2664 1132 2720 habuisse
1160 2665 1355 2720 locum.

40 2759 69 2778 ¹-
165 2740 223 2787 tu
253 2733 325 2786 mi
364 2733 383 2786 i
412 2734 660 2798 narrasti,
690 2752 812 2788 oum
842 2736 1021 2789 multis
1049 2736 1257 2791 lucibus
1289 2747 1413 2792 ante
1910 2756 1965 2795 25

200 2864 203 2867 K
234 2803 431 2858 fuderit
459 2804 698 2858 assiduas
726 2805 940 2860 nubilus
970 2817 1148 2861 auster
1177 2825 1360 2876 aquaS,

67 2879 79 2921 ’ἲ
163 2874 379 2928 numine
409 2875 622 2929 caelesti
650 2875 818 2930 solem
846 2876 1055 2932 fulsisse
1086 2896 1349 2941 serenum,

63 2951 82 3016 ⁸f
99 2950 120 3003 ,'
235 2963 357 3000 oum
387 2945 572 3017 populi
601 2946 750 3000 vultu
783 2947 1126 3002 conveniente
1157 2948 1267 3010 die3

165 3025 217 3070 at
254 3035 322 3070 ue
350 3016 426 3070 ita
454 3016 708 3071 victorem
739 3035 862 3071 cum
889 3037 1114 3088 magnae
1143 3019 1289 3072 vocis
1319 3017 1517 3074 honore

272 3087 424 3142 elliea
451 3087 678 3142 laudat-is
709 3088 849 3142 dona
879 3088 1087 3143 dedisse
1116 3089 1258 3152 viriS‚
1907 3111 1965 3149 30

67 3173 103 3230 53
165 3157 410 3228 claraque
439 3168 775 3230 sumpturum
802 3160 970 3230 pietas
999 3161 1228 3231 insignia
1256 3171 1448 3225 vesteS,

67 3230 92 3245 'i
234 3238 354 3283 tura
381 3229 529 3301 prius
559 3230 753 3284 sanctis
782 3231 1096 3302 imposuisse
1125 3231 1276 3295 focis,

43 3318 91 3363 -ζ,·’
162 3298 519 3371 iustitiamque
551 3301 633 3355 sui
663 3310 806 3356 caste
835 3302 1073 3373 placasse
1102 3304 1354 3373 parentiS‚

67 3376 78 3440 'j
233 3370 322 3424 illo
351 3389 487 3441 quae
517 3380 624 3426 tem
662 3372 773 3426 lum
802 3382 1014 3443 pectore
1044 3392 1251 3445 semper
1279 3375 1456 3428 habet.

71 3503 78 3509 φ
104 3482 106 3485 -
164 3457 376 3511 quaque
404 3441 546 3506 ierit,
576 3392 705 3496 felix
733 3443 999 3498 adiectum
1027 3445 1301 3515 plausibus
1332 3464 1505 3507 omen,
1904 3463 1961 3503 35

234 3529 468 3582 saxaque
496 3513 684 3567 roratis
714 3515 986 3571 erubuisse
1014 3515 1165 3570 rosis·
