2158 3906
353 311 457 365 256
910 321 964 363 Ρ
1000 321 1206 366 OVIDII
1235 320 1508 367 NASONIS

356 425 552 494 templa
582 431 797 475 manent
826 421 983 474 hodie
1014 422 1175 474 vastis
1206 423 1387 475 innixa
1418 423 1692 488 columnis,

271 513 327 552 50
428 512 624 564 perque
654 501 839 560 quater
871 492 1032 545 denos
1064 492 1179 546 itur
1198 493 1252 546 in
1282 494 1372 547 illa
1401 494 1614 563 gradus.

358 566 501 618 fama
531 563 691 616 1efert
721 563 827 615 illic
859 564 1069 633 signum
1100 564 1322 617 caeleste
1353 565 1540 617 fuisse:

428 652 640 703 quoque
672 634 844 686 minus
876 634 1108 698 dubites,
1140 644 1242 687 stat
1271 636 1412 688 basis
1444 636 1573 688 orba
1604 636 1728 699 dea3

358 723 576 773 araque,
609 722 744 772 quae
774 704 949 757 fuerat
979 715 1167 758 natura
1197 707 1419 760 candida
1449 707 1578 770 saxi,

429 776 639 828 decolor
669 775 857 828 adfuso
888 776 1051 829 tincta
1081 795 1265 830 cruore
1295 778 1465 830 rubet.

274 865 326 903 55
357 847 556 899 femina
585 865 734 899 sacra
764 846 891 899 facit
920 847 1106 901 taedae
1135 866 1243 900 non
1272 856 1398 900 nota
1426 848 1609 918 iugali,

429 936 565 986 quae
598 927 811 987 superat
842 917 1119 987 Scythicas
1149 918 1421 972 nobilitate
1452 938 1632 972 nurus.

357 988 579 1041 sacrifici
607 1007 777 1058 genus
809 997 912 1049 est,
942 1019 1014 1025 —
1044 989 1119 1042 sic
1148 989 1418 1043 instituere
1448 999 1691 1060 palentes
1720 1021 1791 1029 -—-

429 1060 634 1128 advena
665 1059 902 1128 virgineo
935 1078 1118 1113 caesus
1151 1070 1209 1113 ut
1239 1080 1362 1113 ense
1395 1061 1564 1114 cadat.

354 1149 519 1200 regna
548 1130 763 1182 Thoans
794 1130 980 1182 habuit
1010 1131 1282 1185 Maeotide
1313 1132 1529 1184 clarus
1515 1152 1570 1184 m
1600 1151 1707 1196 ora,

267 1217 325 1256 60
427 1219 525 1253 nec
555 1201 655 1253 fuit
685 1199 909 1254 Euxinis
942 1202 1113 1255 notior
1144 1203 1274 1255 alter
1305 1203 1471 1271 aquis.

358 1282 566 1341 sceptra
596 1281 805 1325 tenente
835 1273 923 1325 illo
954 1273 1181 1342 liquidas
1213 1274 1400 1327 fecisse
1431 1293 1569 1344 per
1555 1293 1709 1327 auras

427 1343 603 1396 nescio
635 1361 794 1411 quam
826 1344 1007 1396 dicunt
1036 1344 1353 1415 Iphigenian
1381 1345 1495 1398 iter.

359 1432 519 1482 quam
548 1414 753 1467 levibus
784 1416 952 1467 ventis
985 1416 1084 1468 sub
1114 1416 1255 1469 nube
1286 1435 1381 1486 per
1410 1415 1623 1468 aethera
1654 1425 1859 1469 vectam

429 1485 659 1537 creditur
689 1485 769 1537 his
800 1485 1018 1538 Phoebe
1050 1487 1357 1568 deposuisse
1386 1486 1530 1539 locis.

270 1571 326 1610 65
357 1556 661 1638 praefuerat
690 1557 887 1625 templo
918 1557 1110 1609 multos
1143 1576 1205 1610 ea
1235 1557 1332 1610 rite
1362 1576 1457 1627 per
1487 1576 1669 1620 annOS,

428 1627 593 1679 invita
622 1645 882 1696 peragens
914 1627 1082 1680 tristia
1111 1647 1262 1681 sacra
1290 1647 1474 1680 manu:

310 1713 316 1717 ’
356 1716 477 1750 cum
508 1697 613 1750 duo
644 1698 905 1751 velifera
891 1717 980 1750 1uv
985 1717 1107 1752 enes
1138 1718 1329 1752 venere
1362 1700 1538 1751 carina

425 1777 832 1838 presseruntque
863 1788 957 1821 suo
987 1770 1141 1822 litora
1169 1780 1348 1823 nostra
1377 1770 1528 1839 pede.

294 1904 297 1906 ‚
354 1858 451 1909 par
480 1839 580 1891 fuit
609 1839 690 1891 his
722 1848 865 1891 aetas
897 1849 947 1892 et
980 1859 1141 1893 amor.
1217 1858 1442 1908 quorum
1473 1841 1603 1893 alter
1634 1838 1870 1904 OresteS,

273 1926 327 1964 70
429 1918 509 1962 ast
538 1909 771 1979 Pylades
803 1911 933 1962 alter
964 1910 1202 1977 (nomina
1231 1911 1374 1963 fama
1404 1912 1571 1980 tenet)

354 1981 593 2062 protinus
623 1980 861 2033 inmitem
891 1981 1103 2034 Triviae
1135 1982 1400 2035 ducuntur
1431 1981 1498 2034 ad
1529 2001 1691 2045 aram,

427 2051 620 2105 evincti
649 2052 888 2121 geminas
920 2053 987 2104 ad
1019 2071 1115 2105 sua
1145 2062 1294 2122 terga
1325 2072 1529 2105 manus.

354 2123 555 2192 spargit
585 2140 722 2190 aqua
753 2132 934 2193 captos
964 2124 1167 2176 lustrali
1199 2123 1365 2177 Graia
1395 2124 1655 2187 sacerdOS,

426 2193 608 2245 ambiit
639 2202 697 2245 ut
726 2193 899 2246 fulvas
929 2194 1099 2247 infula
1128 2195 1289 2265 longa
1320 2213 1512 2249 comas,

270 2280 322 2318 75
355 2264 587 2332 dumque
617 2274 769 2334 parat
800 2283 1034 2329 sacrum,
1065 2266 1192 2318 dum
1224 2266 1364 2320 velat
1395 2275 1633 2336 tempora
1661 2266 1819 2330 vittis,

428 2335 557 2387 dum
586 2336 767 2388 tardae
800 2354 986 2389 causas
1015 2337 1216 2389 invenit
1244 2337 1360 2406 ipsa
1388 2355 1582 2398 morae,

356 2411 505 2459 “non
536 2425 636 2476 ego
668 2407 964 2469 ciudelis,
949 2426 1184 2461 iuvenes.
1257 2408 1581 2478 ignoscite!’'
1615 2408 1760 2470 dixit,

427 2483 617 2530 “sacra
649 2495 743 2529 suo
773 2477 910 2530 facio
940 2478 1245 2530 barbariora
1274 2479 1412 2531 loco:

354 2548 485 2599 ritus
515 2548 559 2599 is
591 2557 670 2600 est
697 2548 887 2617 gentis,
962 2566 1068 2617 qua
1098 2567 1192 2601 vos
1222 2559 1400 2602 tamen
1429 2549 1559 2602 urbe
1591 2549 1811 2603 venitis?

267 2636 325 2675 80
426 2618 635 2686 quodve
664 2637 853 2688 parum
882 2619 1057 2672 fausta
1085 2638 1263 2690 puppe
1294 2620 1505 2703 petistis
1526 2620 1696 2674 iter?''

356 2689 503 2741 dixit.
578 2697 629 2742 et
659 2689 837 2742 audito
868 2691 1067 2760 patiiae
1098 2691 1186 2773 pia
1215 2691 1426 2744 nomine
1456 2692 1605 2761 virgo

429 2769 695 2813 consortes
725 2761 869 2813 urbis
902 2762 1154 2831 comperit
1185 2780 1299 2815 esse
1330 2781 1473 2816 suae.

356 2831 646 2884 “alteruter
675 2831 850 2884 votis''
880 2831 1052 2901 inquit
1082 2833 1279 2886 “cadat
1307 2833 1477 2886 hostia
1507 2833 1691 2886 sacris:

427 2903 494 2954 ad
524 2902 719 2972 patrias
751 2903 901 2956 sedes
932 2903 1147 2956 nuntius
1179 2905 1310 2957 alter
1340 2904 1474 2957 eat.''

266 2990 323 3028 85
354 2973 429 3026 ire
458 2973 606 3026 iubet
635 2973 927 3043 Pyladesc
900 2992 1081 3027 carum
1111 2973 1373 3045 periturus
1405 2973 1659 3029 Oresten:

425 3043 510 3097 hic
541 3053 725 3114 negat,
755 3044 915 3113 inque
945 3045 1086 3099 vices
1117 3055 1320 3116 pugnat
1349 3055 1570 3115 uterque
1601 3046 1751 3099 mori.

357 3115 527 3167 extitit
555 3115 655 3167 hoc
686 3135 875 3179 unum,
906 3134 1010 3184 quo
1041 3135 1148 3169 non
1178 3117 1480 3171 convenerit
1509 3116 1634 3169 illis:

425 3194 598 3239 cetera
628 3205 724 3255 par
754 3205 970 3239 concors
1002 3196 1053 3240 et
1084 3187 1194 3240 sine
1223 3188 1313 3241 lite
1343 3187 1460 3240 fuit.

356 3255 482 3307 dum
513 3265 776 3326 peragunt
805 3258 1021 3310 iuvenes
1051 3258 1257 3326 pulchri
1287 3267 1554 3311 certamen
1584 3258 1793 3319 amoris,

266 3343 324 3382 90
427 3326 495 3378 ad
524 3326 740 3379 fratrem
771 3328 992 3396 scriptas
1022 3337 1202 3381 exarat
1230 3329 1320 3380 illa
1350 3336 1538 3381 notas:

354 3396 423 3448 ad
452 3397 669 3450 fratrem
700 3397 949 3450 mandata
980 3396 1163 3450 dabat:
1195 3399 1385 3466 cuique
1416 3398 1506 3451 illa
1536 3398 1814 3463 dabantur,
1844 3428 1917 3439 -·

425 3467 683 3521 humanos
715 3486 867 3521 casus
899 3467 1095 3538 aspice!
1127 3499 1199 3507 —
1227 3469 1388 3523 frater
1419 3478 1543 3523 erat.
