2158 3906
0 754 5 864 l
292 918 296 926 Ι
546 812 1319 884 FASTORUM

685 1036 879 1081 LIBER
898 1035 1153 1083 PRIMUS.

0 1131 8 1225 l

0 1227 9 1351 Ι
67 1235 336 1306 Tempora
365 1254 486 1290 cum
516 1235 687 1288 causis
718 1235 937 1288 Latium
968 1236 1172 1306 digesta
1203 1256 1297 1306 per
1327 1257 1525 1291 annum

0 1343 9 1368 ·,
139 1306 392 1377 lapsaque
423 1306 523 1359 sub
553 1314 717 1358 terras
748 1315 966 1374 ortaque
998 1307 1149 1376 signa
1179 1325 1383 1359 canam.

8 1407 11 1412 Δ
66 1376 254 1448 excipe
283 1385 496 1447 pacat0,
529 1374 730 1429 Caesar
761 1374 1103 1438 Germanice,
1136 1377 1284 1429 voltu

5 1487 7 1495 .
139 1446 241 1501 hoo
270 1459 402 1518 opus
433 1455 486 1500 et.
513 1446 728 1499 timidae
759 1447 927 1517 dirige
957 1448 1107 1499 navis
1139 1448 1252 1509 iter,

10 1516 11 1562 ἒ
66 1516 374 1587 officioque,
403 1518 575 1571 levem
605 1535 712 1570 non
742 1527 1014 1570 aversatus
1046 1518 1316 1583 honorem,

7 1598 13 1638 f
139 1587 263 1642 huic
292 1588 388 1642 tibi
419 1588 610 1642 devoto
639 1588 855 1641 numine
887 1588 1071 1641 dexter
1101 1589 1244 1642 ades.

12 1682 13 1687 ¹
69 1676 220 1715 sacra
247 1677 594 1742 recognosces
625 1659 903 1712 annalibus
934 1669 1084 1712 eruta
1112 1660 1316 1731 priscis,

140 1739 192 1784 et
220 1747 326 1799 quo
348 1739 424 1784 -s1t
449 1730 635 1783 merito
666 1736 910 1799 quaeque
940 1740 1122 1783 notata
1152 1731 1280 1785 dies.

66 1797 303 1856 invenies
332 1800 440 1855 illic
469 1811 523 1855 et
550 1800 687 1855 festa
717 1801 1006 1855 domestica
1035 1801 1210 1855 vobis:

67 1916 70 1919 .
139 1886 296 1943 saepe
325 1872 421 1925 tibi
449 1881 600 1943 pater
629 1881 730 1935 est,
763 1891 919 1943 saepe
950 1873 1206 1943 legendus
1238 1892 1386 1927 avus.

64 1958 308 2014 quaeque
338 1943 516 1997 ferunt
545 1942 622 1996 illi
651 1943 820 2013 pictos
851 1943 1116 2013 signantia
1146 1944 1328 2006 fastos,

138 2022 198 2067 tu
226 2032 437 2084 quoque
468 2032 589 2068 cum
619 2013 799 2068 Druso
829 2014 1064 2085 praemia
1093 2015 1253 2068 fratre
1284 2017 1439 2069 feres.

66 2081 316 2139 Caesaris
346 2104 493 2138 arma
522 2093 714 2138 canant
744 2085 855 2138 alii:
893 2104 989 2138 nos
1022 2084 1269 2139 Caesaris
1301 2105 1436 2149 araS,

139 2165 192 2209 et
222 2173 585 2225 quoscumque
616 2155 778 2209 sacris
809 2156 1012 2209 addidit
1040 2156 1127 2209 ille
1158 2156 1285 2209 dies.

13 2263 15 2294 ;
65 2226 242 2282 adnue
271 2227 482 2280 conanti
510 2245 607 2298 per
634 2227 819 2280 laudes
849 2227 924 2281 ire
954 2236 1183 2291 tuorum,

13 2339 15 2357 ἐ
139 2298 309 2381 deque
338 2315 457 2351 meo
486 2297 708 2369 pavidos
739 2307 928 2351 excute
959 2298 1117 2351 corde
1148 2307 1337 2351 metus·

13 2369 16 2374 ’
67 2366 137 2422 da
164 2368 294 2421 m1hi
323 2377 374 2422 te
403 2368 697 2440 placidum:
730 2369 935 2422 dederis
965 2369 1021 2421 in
1051 2369 1286 2422 carmina
1315 2368 1458 2422 viris.

14 2492 17 2498 ,
136 2439 406 2511 ingenium
437 2440 584 2493 voltu
614 2448 821 2508 statque
852 2439 1099 2509 caditque
1128 2449 1236 2493 tuo.

54 2510 262 2583 pagina
289 2510 543 2564 iudicium
573 2510 712 2564 docti
742 2511 981 2564 subitura
1011 2520 1254 2564 movetur

85 2581 408 2652 ffl,principis,
440 2590 500 2634 ut
531 2579 710 2635 Clario
740 2582 902 2634 missa
929 2582 1156 2651 legenda
1187 2579 1322 2635 deos

67 2662 202 2723 quae
231 2648 298 2706 sit
326 2653 466 2706 enim
496 2653 623 2706 culti
652 2653 924 2716 facundia,
956 2653 1239 2716 sensimus,
1272 2653 1393 2717 oris,

102 2734 109 2738 '
138 2722 304 2777 civica
331 2742 428 2795 pro
458 2723 673 2795 trepidis
704 2742 826 2777 cum
855 2724 976 2777 tulit
1004 2743 1151 2777 arma
1180 2724 1299 2778 reis.

67 2792 261 2848 scimus
292 2804 368 2858 et,
399 2794 469 2848 ad
496 2803 701 2848 nostras
732 2813 854 2848 cum
885 2814 941 2848 se
971 2795 1090 2847 tulit
1118 2795 1347 2865 impetus
1379 2804 1536 2859 artes,

136 2864 334 2935 ingenii
363 2874 578 2918 currant
605 2865 824 2918 flumina
854 2874 1053 2934 quanta
1082 2865 1175 2918 tui.

67 2933 116 2989 οἱ
141 2935 263 2990 licet
291 2944 344 2990 et
373 2936 466 2989 fas‘
486 2945 588 2999 est,
618 2945 767 2990 vates
795 2955 923 3007 rege
952 2936 1088 2988 vatis
1118 2935 1371 3001 habenas,

139 3007 348 3077 auspice
378 3014 430 3061 t'e
459 3006 588 3060 felix
617 3015 758 3060 totus
788 3016 848 3059 ut
876 3025 1045 3060 annus
1076 3016 1177 3060 eat.

69 3143 332 3218 Tempora
361 3147 624 3219 digereret
653 3166 774 3202 cum
805 3149 1046 3202 conditor
1074 3148 1244 3214 urbis,
1274 3149 1331 3203 in
1361 3169 1501 3205 anno

140 3218 406 3272 constituit
435 3238 645 3273 menses
674 3220 908 3289 quinque
937 3220 1167 3274 bis'esse
1199 3238 1311 3274 suo·

70 3286 265 3343 scilicet
294 3309 440 3343 arma
469 3291 639 3362 magis
670 3309 831 3360 quam
862 3291 1056 3354 sidera,
1088 3291 1341 3355 Romule,
1372 3312 1547 3358 noras,

141 3376 370 3429 curaque
398 3361 646 3415 finitimos
675 3362 886 3416 vincere
915 3362 1084 3415 maior
1113 3372 1241 3416 erat.

70 3436 157 3484 ut-
177 3437 352 3484 tamen
383 3441 436 3486 et
463 3432 620 3495 rati0,
653 3430 876 3496 Caesar,
906 3451 1044 3502 quae
1073 3434 1297 3487 moverit
1325 3435 1492 3500 illum,

27 3546 56 3568 „
141 3518 472 3572 erroremque
510 3521 666 3556 suum
694 3521 801 3573 quo
831 3496 1270 3567 tueatur,‘habet.

155 3581 263 3620 0111·ᾰῆ
279 3584 341 3620 vol.
357 3585 425 3621 111.
467 3590 470 3592 “
1460 3589 1488 3632 l

1810 1892 1864 1931 10

1809 2246 1862 2286 15

1805 2601 1860 2640 20

1804 2954 1858 2994 25

1803 3381 1858 3420 30
