2158 3906
547 317 896 366 FASTORUM
923 318 1046 377 LIB.
1078 317 1115 363 I.
1146 318 1387 364 295—381.
1790 309 1824 361 9

189 420 272 475 far
301 428 413 475 erat
444 427 496 474 et
524 420 642 490 puri
672 421 848 474 lucida
877 421 1015 474 mica
1044 420 1183 473 salis.

114 492 347 546 nondum
376 492 662 562 pertulerat
692 492 989 545 lacrimatas
1019 492 1211 545 cortice
1241 510 1444 546 murras

187 573 303 616 acta
330 581 426 633 per
455 580 743 631 aequoreas
774 561 982 633 hospita
1010 563 1160 615 navis
1190 581 1371 632 aquas,
1855 579 1941 619 340

114 641 233 687 tura
262 651 360 687 nec
390 632 715 703 Euphrates,
747 652 844 687 nec
875 633 1087 686 miserat
1117 634 1271 686 India
1301 642 1522 695 costum,

184 722 283 758 nec
312 703 524 758 fuerant
552 703 698 756 rubri
729 704 941 775 cognita
970 704 1059 756 fila
1090 704 1244 757 croci.

115 793 207 829 ara
238 774 398 828 dabat
426 774 601 828 fumos
632 774 807 828 herbis
839 784 1085 828 contenta
1118 774 1330 828 Sabinis

186 854 238 900 et
266 863 374 899 non
403 846 596 916 exiguo
626 846 806 899 laurus
838 846 1028 899 adusta
1059 864 1202 898 sono·

114 917 159 971 si
189 916 306 986 quis
338 929 475 980 erat,
506 916 658 969 factis
687 916 824 987 prati
855 917 920 970 de
950 918 1076 969 flore
1109 917 1313 970 coronis
1854 934 1937 974 345

185 987 277 1057 qui
306 998 485 1058 posset
513 987 678 1040 violas
710 987 926 1050 addere,
960 987 1105 1039 dives
1137 998 1263 1040 erat.
1900 1022 1902 1024 -

112 1057 223 1122 hic,
253 1058 344 1127 qui
373 1077 515 1111 nunc
547 1058 711 1129 aperit
742 1058 976 1128 percussi
1008 1059 1208 1112 viscera
1239 1059 1392 1121 tauri,

184 1129 238 1182 in
269 1129 428 1182 sacris
457 1129 659 1181 nullum
693 1130 858 1182 culter
888 1129 1118 1182 habebat
1149 1147 1297 1199 opus.
1330 1159 1400 1167 ——

113 1200 283 1271 prima
315 1197 478 1253 Ceres
510 1200 695 1252 avidae
726 1199 911 1268 gavisa
941 1209 1019 1252 est
1050 1199 1307 1268 sanguine
1339 1217 1547 1268 porcae,

184 1271 295 1323 ulta
325 1289 446 1322 suas
477 1269 663 1323 merita
694 1269 854 1322 caede
884 1269 1121 1322 nocentis
1152 1287 1296 1339 opes.
1853 1289 1938 1329 350

111 1359 233 1394 nam
266 1349 379 1393 sata
408 1358 531 1393 vere
559 1357 699 1392 novo
729 1339 919 1392 teneris
951 1339 1198 1392 lactentia
1230 1339 1368 1392 sucis

183 1420 331 1464 eruta
362 1410 650 1481 saetigerae
682 1411 934 1480 comperit
965 1428 1054 1463 ore
1085 1409 1210 1462 suis.

113 1500 201 1535 sus
233 1480 448 1534 dederat
477 1498 690 1551 poenas.
767 1482 1006 1550 exemplo
1038 1480 1248 1533 territus
1281 1480 1437 1535 huius

181 1552 394 1623 palmite
426 1551 685 1605 debueras
717 1551 1057 1614 abstinuisse,
1089 1569 1262 1621 caper.

110 1640 268 1693 quem
298 1631 540 1694 spectans
571 1622 759 1691 aliquis
791 1622 973 1675 dentes
1004 1622 1057 1674 in
1089 1623 1195 1675 vite
1227 1634 1552 1693 prementem
1853 1644 1936 1682 355

181 1693 306 1747 talia
335 1711 441 1747 non
470 1693 629 1747 tacito
660 1693 801 1746 dicta
835 1694 1014 1746 dolore
1045 1693 1211 1746 dedit:

21 1765 24 1811 ἒ
110 1764 283 1828 ‘rode,
314 1782 494 1836 caper,
526 1763 712 1818 vitem!
743 1773 920 1818 tamen
950 1765 1096 1825 hinc,
1129 1782 1249 1817 cum
1282 1765 1447 1818 stabis
1477 1766 1546 1819 ad
1577 1785 1741 1830 aram,

179 1835 235 1889 in
263 1846 356 1888 tua
383 1835 527 1904 quod
558 1835 734 1918 spargi
766 1853 963 1889 cornua
1032 1835 1182 1896 ossit,
1215 1836 1346 1889 erit.’

75 1905 79 1908 ’
108 1906 272 1962 verba
299 1906 430 1960 fides
461 1916 721 1975 sequltur:
753 1924 923 1960 noxae
953 1907 991 1959 ti
1033 1906 1049 1958 i
1081 1906 1289 1959 deditus
1321 1907 1483 1961 hostis

24 1975 25 1983 ’
180 1977 446 2048 spargitur
474 1977 663 2030 adfuso
694 1996 915 2041 cornua,
945 1977 1182 2040 Bacche,
1214 1996 1375 2031 mero.
1852 1998 1936 2038 360

109 2048 266 2120 culpa
296 2048 375 2102 sui
405 2048 610 2110 nocuit3
639 2049 820 2101 nocuit
849 2067 1060 2117 quoque
1092 2049 1247 2131 culpa
1278 2050 1536 2119 capellae:

25 2165 28 2182 ,
179 2119 308 2188 quid
337 2119 456 2181 bos,
480 2119 614 2188 quid
644 2119 882 2189 placidae
914 2119 1296 2172 commeruistis
1327 2121 1485 2173 oves?

23 2194 29 2245 ι’
107 2190 267 2244 flebat
297 2189 597 2252 Aristaeus,
628 2190 772 2258 quod
803 2209 928 2260 apes
960 2208 1077 2243 cum
1112 2190 1272 2260 stirpe
1303 2201 1514 2244 necatas

24 2262 29 2306 ἓ
180 2260 384 2314 viderat
412 2260 648 2331 inceptos
680 2261 977 2314 destituisse
1008 2261 1174 2314 favos.

24 2325 30 2380 l
107 2332 318 2385 caerula
348 2349 506 2400 quem
535 2331 776 2402 genetrix
808 2350 965 2402 aegre
997 2332 1164 2385 solata
1194 2333 1458 2386 dolentem
1670 2365 1674 2367 -
1851 2352 1934 2391 365

179 2402 380 2455 addidit
408 2402 541 2456 haec
572 2402 723 2456 dictis
754 2403 940 2455 ultima
970 2403 1134 2456 verba
1165 2403 1297 2456 suis:

25 2463 32 2567 ᾖ
69 2473 282 2537 ᾅεὶεῒθ,
312 2491 468 2544 puer,
498 2473 765 2527 lacrimas!
825 2474 1053 2527 Proteus
1083 2484 1176 2526 tua
1207 2474 1402 2527 damna
1430 2474 1645 2539 levabit,

179 2561 390 2614 quoque
419 2544 576 2598 modo
606 2563 818 2627 repares
849 2563 985 2613 quae
1016 2546 1241 2615 periere,
1274 2546 1436 2598 dabit.

31 2682 33 2685 ι
108 2614 336 2686 decipiat
363 2633 431 2669 ne
461 2624 513 2669 te
542 2634 708 2669 versis
738 2624 915 2669 tamen
946 2616 1033 2669 ille
1063 2616 1266 2686 figuris,

159 2682 466 2757 'impediant
494 2686 733 2757 geminas
763 2687 975 2740 vincula
1003 2687 1155 2740 firma.
1183 2688 1406 2741 manus?
1848 2705 1934 2744 370

28 2764 35 2848 ι
106 2757 344 2829 pervenit
374 2758 443 2810 ad
471 2767 648 2810 vatem
677 2757 905 2821 iuvenis,
936 2758 1272 2827 resolutaque
1304 2777 1488 2812 somno

34 2851 35 2859 ¹
179 2827 361 2898 alligat
390 2827 636 2896 aequorei
665 2827 914 2881 bracchia
944 2837 1099 2899 capta
1129 2830 1285 2882 senis.

106 2897 194 2951 ille
225 2917 322 2951 sua
350 2897 542 2951 faciem
571 2898 899 2951 transformis
931 2899 1193 2952 adulterat
1222 2909 1356 2952 arte:

178 2987 302 3022 mox
331 2969 560 3022 domitus
591 2969 776 3022 vinclis
806 2970 861 3022 in
892 2989 989 3022 sua
1017 2970 1256 3023 membra
1284 2970 1421 3024 redit

108 3050 304 3108 oraque
335 3041 577 3094 caerulea
605 3040 794 3093 tollens
823 3041 1054 3093 rorantia
1082 3040 1251 3094 barba
1848 3060 1932 3099 375

33 3117 39 3186 ,s
179 3110 332 3180 ‘qua’
363 3110 495 3164 dixit
525 3117 760 3182 ‘repares
791 3119 926 3174 arte,
956 3111 1203 3180 requiriS,
1235 3113 1394 3182 apes?

33 3192 40 3251 ‘f‘
109 3180 272 3235 obrue
299 3182 515 3236 mactati
545 3200 735 3252 corpus
766 3182 953 3235 tellure
982 3182 1216 3235 iuvenci:

35 3311 37 3314 .
179 3253 322 3322 quod
350 3253 486 3324 petis
517 3273 548 3306 a
577 3253 755 3315 nobiS,
786 3253 1007 3306 obrutus
1036 3253 1124 3306 ille
1156 3252 1335 3306 dabit?

35 3322 41 3351 ²
108 3321 251 3376 iussa
279 3323 407 3377 facit
435 3334 629 3394 pastor.
703 3324 909 3378 fervent
940 3327 1184 3378 examina
1212 3324 1355 3394 putri

173 3393 246 3461 'de
274 3393 433 3448 bove:
465 3395 606 3448 mille
637 3395 838 3448 animas
867 3415 975 3448 una
1003 3404 1192 3448 necata
1222 3395 1382 3447 dedit.
1847 3414 1933 3452 380

37 3518 42 3532 ,
109 3464 279 3533 poscit
307 3483 460 3519 ovem
488 3466 675 3519 fatum.
749 3466 1007 3520 verbenas
1035 3466 1278 3536 improba
1308 3467 1516 3536 carpsit,
