2158 3906
295 336 402 389 230
848 348 904 391 Ρ.
938 347 1146 393 OVIDII
1173 347 1444 395 NASONIS

296 467 394 501 nec
425 467 555 516 quos
586 447 821 518 piniferis
853 448 1049 517 positos
1081 450 1135 501 in
1165 450 1386 503 collibus
1416 451 1595 505 hortos

369 526 571 588 spectat
598 518 891 572 Flaminiae
923 517 1114 572 Clodia
1140 520 1322 573 iuncta
1349 521 1491 574 viae:

212 607 265 646 45
298 607 428 657 quos
459 606 558 658 ego
588 589 765 640 nescio
797 589 883 641 cui
913 590 1074 653 colui,
1107 591 1299 659 quibus
1329 592 1441 661 ipse
1473 593 1708 647 solebam

369 658 434 711 ad
467 667 580 711 sata
610 659 878 723 fontanas,
908 679 1006 714 nec
1036 662 1224 731 pudet,
1255 662 1449 716 addere
1480 681 1669 732 aquas:

297 739 420 781 sunt
450 729 565 792 ubi,
597 729 642 781 si
672 730 881 794 vivunt,
911 741 1091 785 nostra
1120 750 1330 802 quoque
1362 734 1564 788 consita
1593 736 1874 804 quaedam,

367 800 459 852 sed
488 817 595 852 non
625 809 678 853 et
705 810 885 854 nostra
914 821 1073 872 poma
1101 803 1327 873 legenda
1354 823 1532 857 manU.

294 888 390 939 pro
422 870 613 939 quibus
645 871 849 925 amissis
879 873 1083 925 utinam
1113 875 1415 944 contingere
1446 877 1610 944 possit

210 958 265 998 50
366 940 452 994 hic
483 942 668 995 saltem
698 943 925 1013 profugo
955 945 1147 1014 glaeba
1177 945 1397 998 colenda
1426 946 1580 999 mihi!

295 1012 408 1081 ipse
440 1030 540 1083 ego
570 1013 871 1081 pendentis,
901 1014 1055 1068 liceat
1085 1016 1267 1078 1nod0,
1299 1035 1431 1087 rupe
1462 1018 1708 1087 capellaS,

366 1083 479 1152 ipse
509 1083 668 1137 velim
698 1084 887 1138 baculo
918 1104 1134 1156 pascere
1164 1087 1320 1139 nixus
1352 1105 1502 1150 oves3

294 1154 409 1224 ipse
440 1173 540 1224 ego
550 1194 564 1218 ,
595 1174 663 1226 ne
693 1156 857 1209 solitis
887 1156 1132 1210 insistant
1161 1166 1374 1228 pectora
1404 1159 1560 1222 curis,

368 1225 558 1277 ducam
588 1226 841 1279 ruricolas
873 1228 972 1280 sub
1002 1229 1129 1298 iuga
1159 1246 1322 1281 curva
1352 1229 1514 1282 boves

208 1313 264 1353 55
296 1304 347 1349 et
377 1296 597 1360 discam,
632 1296 809 1351 Getici
838 1316 975 1366 quae
1005 1308 1199 1351 norunt
1228 1299 1391 1353 verba
1420 1299 1647 1365 iuvenci,

368 1368 612 1420 adsuetas
642 1368 744 1422 illis
775 1369 1106 1439 adiciamque
1136 1370 1322 1423 minas.

294 1436 407 1507 ipse
438 1457 599 1491 manu
629 1440 877 1509 capulum
909 1441 1077 1511 pressi
1106 1441 1408 1495 moderatus
1440 1442 1599 1495 aratri

367 1509 609 1578 experiar
638 1519 780 1563 mota
811 1530 1058 1581 spargere
1090 1531 1269 1566 semen
1299 1513 1478 1565 humo.

295 1598 393 1632 nec
423 1579 660 1634 dubitem
689 1581 861 1651 longis
892 1601 1120 1652 purgare
1150 1583 1417 1651 ligonibus
1447 1583 1638 1637 herbas

209 1667 266 1707 60
368 1660 420 1703 et
450 1650 598 1713 dare,
628 1652 734 1704 iam
764 1653 943 1705 sitiens
975 1672 1105 1721 quas
1138 1653 1286 1706 bibat
1314 1653 1523 1717 hortUS,
1554 1672 1735 1723 aquas.

294 1722 436 1774 unde
467 1722 561 1774 sed
590 1721 690 1775 hoc
720 1724 895 1785 nobis,
926 1725 1202 1776 minimum
1233 1742 1365 1792 quos
1395 1725 1532 1777 inter
1561 1735 1614 1779 et
1642 1726 1850 1778 hostem

366 1787 648 1845 discrimen
676 1813 858 1846 murus
890 1795 1183 1862 clausaque
1203 1804 1355 1864 porta
1384 1795 1543 1847 facit?

295 1872 348 1914 at
378 1862 474 1914 tibi
503 1865 763 1926 nascenti,
794 1866 937 1932 quod
967 1874 1076 1917 toto
1106 1875 1318 1934 pectore
1348 1866 1529 1929 laetor,

365 1943 556 1986 nerunt
585 1934 773 1988 fatales
802 1936 960 1987 fortia
988 1936 1077 1988 fila
1106 1935 1260 1989 deae:

208 2020 262 2059 65
296 2013 346 2056 te
377 2005 533 2057 modo
564 2023 781 2075 campus
812 2006 994 2068 habet,
1026 2006 1190 2059 densa
1220 2007 1378 2059 modo
1408 2007 1641 2077 porticus
1672 2007 1879 2072 umbra,

365 2094 532 2138 nunc,
563 2076 619 2128 in
648 2094 754 2145 quo
784 2077 936 2146 ponis
966 2087 1206 2147 tempora
1234 2097 1378 2139 rara,
1409 2078 1607 2131 forum:

293 2144 521 2198 Umbria
549 2165 691 2200 nunc
719 2157 956 2211 revocat,
986 2166 1084 2201 nec
1113 2167 1221 2201 non
1250 2149 1465 2202 Albana
1493 2159 1761 2220 petentem

365 2217 546 2286 Appia
575 2217 800 2271 ferventi
830 2219 976 2272 ducit
1005 2220 1059 2271 in
1090 2239 1218 2272 arva
1247 2228 1377 2272 rota.

293 2287 513 2340 forsitan
542 2288 627 2342 hic
658 2299 833 2359 opteS‚
864 2299 922 2342 ut
953 2291 1146 2343 iustam
1177 2291 1470 2360 supprimat
1497 2291 1631 2344 iram

210 2375 264 2412 70
369 2356 591 2422 Caesar,
623 2369 675 2412 et
703 2360 991 2430 hospitium
1022 2362 1088 2414 sit
1118 2370 1210 2414 tua
1239 2361 1365 2414 villa
1393 2380 1586 2414 meum.

294 2428 347 2481 a!
379 2429 601 2482 nimium
632 2439 733 2494 est,
765 2432 930 2500 quod,
963 2432 1153 2494 amice,
1183 2432 1342 2501 petis:
1374 2433 1694 2486 moderatius
1725 2441 1851 2503 opta

365 2509 417 2552 et
454 2500 584 2562 voti,
616 2519 839 2569 quaeSO,
871 2502 1120 2554 contrahe
1151 2503 1269 2554 vela
1298 2502 1390 2554 tui.

294 2579 432 2622 terra
462 2570 620 2623 velim
650 2573 863 2642 propior
891 2574 1126 2640 nullique
1157 2573 1385 2626 obnoxia
1417 2574 1552 2626 bello

366 2641 541 2694 detur:
574 2641 671 2695 erit
700 2643 891 2696 nost-ris
922 2663 1042 2713 pars
1075 2644 1215 2696 bona
1245 2644 1459 2714 dempta
1489 2644 1656 2698 malis,

1090 2756 1196 2808 IX.

286 2853 448 2920 Quae
480 2854 610 2906 mihi
640 2854 705 2908 de
735 2863 884 2925 rapto
915 2863 1006 2908 tua
1037 2856 1181 2908 venit
1211 2855 1436 2926 epistula
1467 2854 1642 2920 CelsO,
1706 2857 2003 2901 MAXIMO

364 2925 601 2993 protinus
634 2935 712 2978 est
740 2926 969 2979 lacrimis
1000 2927 1182 2979 umida
1211 2926 1353 2980 facta
1383 2928 1530 2980 meis.
1713 2913 2000 2958 COTTAE·

292 2996 541 3063 quodque
571 2997 720 3049 nefas
752 2997 920 3061 dictu,
952 2997 1066 3050 fieri
1095 3017 1193 3051 nec
1222 3016 1378 3067 posse
1407 2999 1607 3068 putavi,

363 3065 541 3118 invitis
572 3068 735 3120 oculis
765 3068 939 3121 littera
968 3069 1105 3121 lecta
1133 3078 1225 3121 tua
1255 3078 1351 3122 est.

235 3151 263 3190 5
293 3155 391 3188 nec
422 3138 708 3205 quicquam
738 3139 806 3191 ad
835 3148 1040 3192 nostras
1070 3140 1311 3208 pervenit
1341 3139 1581 3193 acerbius
1612 3158 1783 3203 aures,

364 3215 423 3258 ut
453 3227 633 3260 sumus
664 3209 718 3260 in
748 3209 948 3272 Pont0‚
979 3210 1353 3279 perveniatque
1384 3228 1583 3279 precor.

294 3286 414 3330 ante
444 3296 589 3331 meos
620 3280 799 3332 oculos
830 3289 1100 3347 tamquam
1130 3280 1420 3348 praesentis
1450 3280 1627 3350 imago

363 3348 567 3409 haeret,
600 3358 653 3401 et
682 3350 972 3402 extinctum
1001 3350 1178 3403 vivere
1208 3350 1362 3419 fingit
1392 3368 1554 3403 amor.

294 3437 451 3488 saepe
480 3420 640 3472 refert
670 3420 875 3472 animus
905 3421 1052 3472 lusus
1082 3420 1340 3490 gravitate
1372 3430 1624 3484 carenteS,

211 3507 262 3546 10
365 3489 500 3543 seria
530 3508 650 3543 cum
679 3490 878 3560 liquida
909 3510 1066 3561 saepe
1096 3500 1309 3561 peracta
1339 3491 1459 3545 fide.
