2158 3906
612 333 926 381 TRISTIUM
954 333 1077 379 LIB.
1108 333 1171 379 11.
1203 334 1415 380 63—150.

165 435 363 494 scilicet
391 435 446 489 in
477 435 681 506 superis
712 436 870 490 etiam
900 436 1113 490 fortuna
1140 435 1337 490 luenda
1366 444 1461 499 est,

234 525 332 562 nec
360 506 570 561 veniam
598 506 742 561 laeso
771 507 988 560 numine
1019 525 1172 561 casus
1202 506 1379 561 habet.

164 578 253 633 illa
280 586 460 631 nostra
490 577 599 640 die,
631 595 737 646 qua
765 596 850 631 me
879 578 1050 630 malus
1081 578 1298 631 abstulit
1327 596 1486 642 error,

232 666 398 720 parva
426 648 641 718 quidem
669 648 846 718 periit,
879 648 972 702 sed
1002 648 1114 702 sine
1143 649 1287 711 labe,
1319 649 1531 703 domus:

164 719 238 774 sic
267 736 478 789 quoque
508 736 675 789 parva
704 727 906 782 tamen,
938 720 1108 790 patrio
1140 719 1346 773 dicatur
1374 730 1434 773 ut
1464 737 1590 773 arvo

232 789 374 844 clara
401 807 501 844 nec
530 789 688 842 ullius
717 789 990 844 nobilitate
1020 789 1205 843 minor.

165 858 246 931 [ut
273 878 446 931 neque
476 859 671 914 divitiis
701 879 800 914 nec
829 870 1140 931 paupertate
1169 861 1418 924 notanda,

230 931 372 986 unde
403 930 470 985 sit
498 931 554 984 in
582 939 830 984 neutrum
861 931 1262 1003 conspiciendus
1293 930 1498 1002 eques.]

162 1001 229 1056 sit
256 1019 468 1072 quoque
498 1021 662 1073 parva
694 1002 882 1055 domus
911 1003 996 1056 vel
1027 1021 1188 1056 censu
1216 1011 1396 1056 nostra
1425 1003 1509 1055 vel
1540 1011 1682 1057 ortus

229 1071 444 1144 ingenio
475 1082 614 1127 certe
644 1091 753 1127 non
780 1073 909 1127 latet
936 1073 1028 1127 illa
1057 1092 1193 1127 meo·

159 1161 264 1213 quo
296 1143 479 1198 videar
507 1143 749 1213 quamvis
779 1144 1000 1197 nimium
1029 1144 1342 1198 iuvenaliter
1370 1163 1515 1207 usus,

229 1215 431 1338 {rande
461 1223 640 1268 tamen
669 1223 779 1267 toto
807 1232 1002 1269 nomen
1031 1215 1099 1267 ab
1129 1215 1256 1268 orbe
1286 1214 1424 1268 fero:

71 1308 74 1309 ⁷
158 1292 244 1338 tur
283 1303 419 1354 aque
450 1285 727 1339 doctorum
755 1285 1025 1339 Nasonem
1054 1284 1223 1347 novit,
1255 1293 1308 1338 et
1337 1284 1498 1338 audet

159 1415 167 1426 ⁸
228 1374 335 1409 non
364 1355 611 1410 fastiditis
642 1355 988 1409 adnumerare
1018 1355 1160 1407 viris.

158 1426 354 1480 corruit
382 1427 514 1481 haec
541 1426 707 1497 igitur
732 1426 906 1479 Musis
938 1435 1153 1496 accepta
1183 1426 1284 1478 sub
1313 1443 1437 1488 un0‚

230 1497 325 1551 sed
353 1515 458 1550 non
490 1498 683 1567 exiguo
693 1535 708 1560 ,
740 1497 954 1550 crimine
985 1497 1133 1566 lapsa
1163 1496 1377 1549 domus:

157 1576 315 1637 atque
347 1586 410 1622 ea
441 1567 516 1621 sic
544 1567 694 1638 lapsa
724 1576 826 1629 est,
857 1576 915 1620 ut
947 1586 1186 1638 surgere,
1219 1566 1263 1620 si
1293 1566 1452 1620 modo
1481 1567 1612 1620 laesi

228 1637 569 1692 ematuruerit
599 1635 845 1692 Caesaris
876 1637 977 1701 ira,
1010 1649 1184 1707 queat.

161 1708 310 1763 cuius
339 1709 394 1763 in
425 1717 618 1764 eventu
646 1726 849 1780 poenae
881 1709 1158 1763 clementia
1188 1719 1334 1762 tanta
1363 1718 1460 1772 est,

227 1779 430 1835 venerit
458 1789 520 1834 ut
548 1790 728 1834 nostro
757 1780 924 1834 lenior
952 1779 1043 1833 illa
1073 1791 1235 1834 metu.

155 1851 264 1905 vita
283 1850 417 1905 *data
447 1859 549 1914 est,
580 1850 817 1921 citraque
846 1870 1032 1905 necem
1062 1860 1155 1904 tua
1185 1851 1418 1905 constitit
1447 1850 1543 1914 ira,

227 1939 258 1975 o
288 1922 533 1993 princeps
563 1920 721 1993 parce
751 1922 950 1975 viribus
981 1941 1075 1976 use
1106 1922 1233 1976 tuis!

154 1992 371 2064 insuper
400 1992 683 2056 accedunt,
713 2002 765 2047 te
794 2011 901 2046 non
931 1993 1221 2056 adimente,
1251 2002 1502 2063 paternae
1531 2022 1607 2033 —-

228 2072 498 2133 tamquam
527 2064 636 2117 vita
664 2082 852 2135 parum
882 2064 1115 2117 muneris
1146 2075 1284 2118 esset
1312 2095 1384 2102 —
1413 2082 1558 2134 opes.

154 2151 253 2188 nec
282 2153 401 2188 mea
432 2135 641 2189 decreto
672 2134 933 2187 damnasti
963 2135 1106 2188 facta
1135 2144 1365 2198 senatus,

226 2223 324 2259 nec
353 2223 473 2259 mea
502 2205 694 2259 selecto
724 2205 897 2259 iudice
926 2205 1070 2258 iussa
1099 2205 1230 2276 fuga
1260 2215 1354 2259 est..

153 2275 390 2330 tristibus
418 2276 658 2330 invectus
690 2276 863 2329 verbis
893 2306 964 2315 —
993 2276 1066 2329 ita
1095 2277 1333 2347 principe
1365 2276 1586 2348 dignum
1613 2306 1690 2317 -

225 2347 366 2415 ultus
398 2366 454 2401 es
484 2346 738 2410 offensaS,
769 2355 829 2401 ut
859 2347 1032 2410 decet,
1063 2347 1176 2430 ipse
1207 2357 1341 2401 tuas,

155 2417 314 2481 adde,
345 2418 489 2488 quod
519 2418 774 2482 edictum,
807 2418 1049 2487 quamvis
1078 2419 1279 2472 1mmite
1310 2418 1613 2487 minaxque,

225 2496 456 2543 attamen
485 2488 540 2542 in
569 2507 772 2560 poenae
802 2489 1015 2543 nomine
1044 2490 1163 2543 lene
1193 2489 1318 2542 fuit:

154 2559 350 2630 quippe
379 2560 669 2630 relegatus,
699 2578 807 2613 non
838 2561 987 2623 exul,
1018 2560 1163 2614 dicor
1191 2560 1247 2613 in
1275 2561 1383 2623 illo,

262 2631 480 2700 rivaque
510 2631 753 2685 fortunae
784 2641 908 2685 sunt
937 2631 1011 2684 ibi
1041 2632 1205 2685 verba
1235 2651 1403 2685 meae.

154 2719 226 2754 nu
267 2720 299 2755 a
328 2701 543 2771 quidem
573 2719 702 2755 sano
730 2703 945 2772 gravior
973 2703 1271 2771 mentisque
1300 2703 1504 2773 potenti

262 2789 395 2826 oena
425 2781 527 2836 est,
558 2791 718 2841 quam
749 2782 895 2825 tanto
927 2773 1255 2843 displicuisse
1286 2773 1424 2826 viro:

155 2790 259 2896 sedJ
277 2843 409 2896 solet
437 2843 702 2896 interdum
731 2843 846 2896 fieri
874 2843 1132 2912 placabile
1161 2863 1358 2897 numen
1367 2864 1382 2906 ;

222 2913 366 2966 nube
396 2914 529 2966 solet
556 2914 711 2984 pulsa
740 2914 996 2967 candidus
1026 2914 1101 2967 ire
1133 2914 1262 2967 dies·

154 2983 264 3036 vidi
293 3002 394 3054 ego
423 2984 717 3054 pampineis
748 2994 1018 3037 oneratam
1048 2984 1246 3037 vitibus
1277 2985 1496 3047 ulmum,

225 3072 362 3124 quae
391 3055 566 3109 fuerat
595 3074 754 3109 saevo
784 3055 1004 3108 fulmine
1036 3064 1176 3108 tacta
1205 3055 1365 3107 Iovis.-

154 3123 266 3195 ipse
294 3125 417 3179 licet
447 3144 657 3196 sperare
687 3135 856 3188 vetes,
888 3126 1215 3195 sperabimus
1246 3144 1438 3194 usque:
1514 3167 1524 3174 .

224 3194 326 3250 hoc
353 3215 519 3250 unum
549 3197 661 3250 fieri
691 3207 742 3250 te
773 3196 1084 3267 prohibente
1115 3206 1303 3267 potest..

157 3283 275 3336 spes
304 3266 433 3320 mihi
461 3287 657 3338 magna
687 3268 852 3331 subit,
883 3285 1005 3321 cum
1036 3277 1111 3331 te,
1142 3267 1415 3320 mitissime
1445 3268 1709 3339 princepS‚

227 3355 349 3407 spes
374 3337 525 3401 mihi,
556 3339 780 3409 respicio
811 3357 932 3392 cum
963 3357 1081 3392 mea
1110 3338 1245 3401 fata,
1277 3339 1432 3391 cadit.

157 3423 220 3460 ac
249 3408 411 3461 veluti
439 3409 609 3462 ventis
640 3410 962 3480 agitantibus
994 3414 1115 3463 ae‘ra
1144 3428 1252 3462 non
1281 3419 1361 3463 est

228 3479 459 3547 aequalis
489 3480 660 3534 rabies
692 3481 1075 3550 continuusque
1104 3480 1266 3543 furor,

1769 322 1870 375 137

1904 666 1989 705 110

1903 1019 1984 1060 115

1889 1372 1985 1411 ‘120

1903 1726 1982 1765 125

1900 2080 1983 2121 130

1899 2435 1979 2474 135

1898 2791 1980 2830 140

1895 3146 1976 3184 145

1896 3498 1981 3536 150
