2158 3906
322 273 424 326 136
870 282 925 325 Ρ.
959 280 1165 326 OVIDII
1194 279 1465 327 NASONIS

323 386 522 456 inspice
551 384 720 437 maius
752 401 909 452 opus,
940 382 1085 449 quod
1115 381 1288 435 adhuc
1319 383 1431 435 sine
1461 383 1564 436 fine
1593 384 1800 454 reliqui,

396 457 451 509 in
480 473 587 507 non
618 453 903 507 credendos
934 470 1155 522 corpora
1184 471 1336 505 versa
1366 454 1574 507 modos:

241 547 293 586 65
325 526 559 579 invenies
590 524 750 576 vestri
779 524 1059 592 praeconia
1088 523 1314 576 nominis
1344 524 1467 587 illic,

394 595 628 649 invenies
660 593 821 644 animi
850 593 1073 663 pignora
1101 595 1267 647 multa
1295 595 1416 648 mei.

322 686 429 720 non
459 676 550 718 tua
580 664 897 716 carminibus
929 665 1095 716 maior
1123 665 1182 717 fit
1211 665 1403 734 gloria3
1433 685 1532 720 nec
1562 685 1685 735 qUO,

394 746 453 789 ut
482 734 650 787 maior
678 735 794 797 fiat,
827 753 1060 788 crescere
1091 736 1279 805 possit,
1310 736 1486 790 habet.

323 809 467 861 fama
495 805 613 858 Iovi
644 815 905 874 superest:
937 816 1113 859 tamen
1143 806 1284 858 hunc
1315 826 1411 859 sua
1439 807 1580 860 facta
1608 807 1791 862 referri

240 898 293 936 70
396 887 447 930 et
477 895 532 929 se
561 876 835 929 materiam
865 877 1108 929 carminis
1140 896 1253 930 esse
1282 877 1453 940 iuvat3

326 965 552 1016 cumque
585 945 838 1016 Gigantei
866 958 1224 1000 memorantur
1251 948 1452 1017 proelia
1479 948 1620 1012 belli,

396 1017 644 1072 credibile
675 1027 754 1070 est
782 1018 981 1071 laetum
1011 1018 1256 1070 laudibus
1288 1037 1401 1072 esse
1433 1019 1558 1071 suis.

324 1100 375 1143 te
408 1089 675 1143 celebrant
705 1089 793 1141 alii
824 1098 1020 1157 quanto
1052 1090 1203 1142 decet
1233 1107 1346 1151 ore,
1377 1098 1600 1158 tuasque

394 1160 606 1230 ingenio
638 1160 821 1212 laudes
853 1160 1095 1213 uberiore
1126 1170 1337 1212 canunt.

242 1250 293 1289 75
326 1232 418 1284 sed
449 1240 650 1293 tamen,
681 1239 740 1282 ut
769 1231 888 1282 fuso
920 1241 1190 1286 taurorum
1221 1232 1478 1301 sanguine
1509 1241 1737 1294 centum,

396 1302 470 1354 sic
501 1302 705 1371 capitur
734 1302 948 1354 minimo
980 1302 1110 1354 turis
1142 1302 1339 1355 honore
1371 1303 1517 1356 deus,

326 1372 379 1425 a!
411 1373 554 1425 ferus
586 1382 638 1425 et
667 1372 818 1424 nobis
850 1373 1110 1426 crudelior
1140 1373 1382 1425 omnibus
1413 1373 1594 1435 hostiS,

397 1443 609 1496 delicias
639 1443 767 1513 legit
798 1444 890 1511 qui
920 1444 1016 1495 tibi
1047 1462 1273 1512 cumque
1303 1463 1472 1497 meas:

326 1514 558 1567 carmina
589 1513 653 1567 de
683 1514 874 1566 nostris
906 1532 1025 1567 cum
1056 1525 1107 1567 te
1137 1515 1443 1567 venerantia
1472 1515 1618 1567 libris

239 1602 294 1643 80
395 1585 589 1637 iudicio
620 1585 819 1654 possint
851 1585 1152 1639 candidiore
1180 1586 1302 1654 legi.

325 1674 438 1708 esse
471 1656 564 1708 sed
593 1655 724 1707 irato
756 1656 872 1723 quis
903 1666 955 1709 te
984 1656 1113 1707 mihi
1143 1665 1319 1725 posset
1350 1656 1600 1709 amicus?

395 1726 483 1778 vix
514 1735 639 1778 tunc
669 1726 782 1795 ipse
813 1726 941 1778 mihi
971 1745 1077 1778 non
1106 1727 1349 1779 inimicus
1381 1746 1540 1780 eram.

326 1815 445 1849 cum
478 1796 649 1865 coepit
680 1806 927 1864 quassata
956 1798 1142 1849 domus
1175 1798 1471 1859 subsidere,
1503 1806 1679 1866 partes

394 1867 449 1918 in
478 1867 796 1936 proclinatas
828 1886 982 1920 omne
1012 1867 1270 1920 recumbit
1302 1885 1452 1919 011110.

238 1955 291 1995 85
326 1936 646 2007 [cunctaque
677 1937 888 1991 fortuna
916 1939 1105 1990 rimam
1135 1938 1359 1991 faciente
1391 1938 1683 1992 dehiscunt.

393 2009 510 2077 ipsa
540 2026 636 2061 suo
668 2009 899 2076 quodam
928 2010 1160 2079 pondere
1191 2018 1359 2062 tracta
1388 2007 1570 2078 ruunt]

324 2098 450 2148 ergo
482 2078 755 2131 hominum
785 2081 1082 2147 quaesitum
1113 2080 1291 2132 odium
1321 2080 1450 2133 mihi
1480 2080 1736 2144 carmine,
1769 2099 1984 2151 quaque

397 2149 602 2211 debuit,
635 2159 713 2202 est
742 2151 919 2203 vultus
951 2152 1106 2204 turba
1136 2160 1317 2204 secuta
1346 2160 1480 2204 tuos.

324 2230 377 2273 at
406 2251 477 2258 —
504 2221 719 2273 memini
748 2251 819 2257 —
849 2222 1117 2290 vitamque
1147 2241 1321 2275 meam
1351 2240 1630 2292 moresque
1659 2222 1925 2293 probabas

239 2309 292 2348 90
395 2292 510 2353 illo,
542 2309 701 2359 quem
733 2292 975 2355 dederas,
1006 2294 1388 2362 praetereuntis
1420 2312 1572 2362 equo,

241 2379 292 2418 93
324 2380 422 2415 1100
453 2363 589 2415 male
621 2363 900 2415 commissa
931 2373 1010 2416 est
1039 2364 1191 2415 nobis
1222 2364 1435 2416 fortuna
1464 2383 1675 2417 reorum

395 2433 564 2500 lisque
597 2433 778 2485 decem
809 2434 1018 2486 deciens
1048 2434 1373 2503 inspicienda
1403 2434 1543 2487 viris.

240 2520 292 2559 95
323 2522 406 2556 res
439 2520 650 2571 quoque
680 2504 912 2573 privatas
944 2505 1102 2556 statui
1133 2505 1244 2558 sine
1276 2505 1491 2557 crimine
1520 2506 1698 2568 iudex,

396 2574 565 2640 deque
596 2593 714 2627 mea
743 2574 886 2626 fassa
916 2586 995 2628 est
1023 2594 1146 2644 pars
1176 2593 1388 2643 quoque
1420 2576 1557 2628 victa
1585 2577 1705 2628 fide.

322 2663 408 2696 me
439 2643 713 2697 miserum!
744 2646 915 2714 potui,
947 2646 991 2698 si
1019 2664 1126 2698 non
1156 2656 1390 2699 extrema
1418 2656 1706 2709 nocerent,

394 2715 588 2767 iudicio
619 2725 762 2767 tutus
792 2735 899 2768 non
930 2717 1091 2769 semel
1122 2735 1236 2770 0000
1266 2726 1373 2769 tuo·

240 2804 290 2842 91
324 2785 465 2853 quod
497 2786 541 2837 si
570 2804 677 2838 non
706 2788 920 2855 prodest
951 2797 1001 2839 et
1031 2787 1236 2840 honesti
1266 2788 1437 2857 gratia
1465 2789 1612 2840 nulla

394 2856 651 2920 redditur,
684 2866 737 2908 at
766 2858 970 2910 nullum
1001 2858 1198 2912 crimen
1228 2860 1450 2928 adeptus
1483 2878 1648 2912 eram:

240 2945 292 2983 99
324 2927 509 2979 ultima
538 2947 623 2980 me
653 2929 904 2997 perdunt,
934 2929 1147 2997 imoque
1179 2930 1278 2982 sub
1309 2948 1537 2998 aequore
1567 2929 1757 3000 mergit

213 3013 294 3053 100
395 2998 712 3052 incolumem
742 2999 932 3053 totiens
963 3019 1069 3052 una
1098 3001 1328 3069 procella
1358 3010 1541 3054 ratem.

322 3087 421 3121 nec
451 3068 580 3120 mihi
609 3088 732 3139 pars
762 3071 941 3123 nocuit
971 3071 1036 3123 de
1067 3071 1278 3140 gurgite
1308 3090 1495 3140 parva,
1527 3071 1621 3124 sed
1651 3089 1836 3123 omnes

392 3158 629 3207 pressere
658 3140 759 3193 hoc
788 3141 979 3193 fluctus
1012 3139 1367 3209 Oceanusque
1399 3151 1574 3210 caput.

322 3226 415 3260 cur
446 3210 643 3278 aliquid
673 3210 813 3262 vidi?
845 3229 938 3263 cur
966 3211 1124 3262 noxia
1152 3211 1353 3263 lumina
1382 3211 1517 3264 feci?

393 3298 486 3332 cur
515 3280 835 3349 imprudenti
867 3281 1078 3349 cognita
1108 3281 1264 3350 culpa
1294 3281 1453 3332 mihi?

170 3394 173 3399 ,
209 3367 288 3406 105
320 3349 516 3402 inscius
547 3351 789 3403 Actaeon
819 3351 949 3402 vidit
979 3351 1090 3403 01110
1121 3360 1267 3404 veste
1296 3351 1553 3405 Dianam:

392 3420 589 3490 praeda
619 3421 717 3473 fuit
750 3421 967 3474 canibus
997 3439 1104 3473 non
1136 3421 1308 3474 minus
1338 3422 1425 3475 ille
1457 3422 1581 3474 suis·
