2158 3906
217 354 278 441 -s⁴
332 413 333 416 ¹
622 385 711 430 EX
740 385 957 434 PONTO
986 385 1108 430 LIB.
1139 385 1177 430 1.
1207 386 1248 445 1,
1279 385 1435 432 1—32.
1777 373 1887 427 215

641 869 823 938 ΕΧ
918 869 1419 940 ΡΟΝΤΟ

780 1048 977 1094 LIBER
1006 1049 1261 1096 PRIMUS.

1001 1236 1047 1289 Ι.

49 1328 72 1390 ζ’
164 1335 312 1391 Naso
343 1334 658 1388 Tomitanae
688 1335 794 1388 iam
824 1353 932 1388 non
961 1352 1131 1387 novus
1162 1335 1334 1387 incola
1364 1344 1534 1390 terrae
1737 1334 1832 1379 BR
1849 1336 1926 1379 U1
1943 1336 1996 1380 0·

51 1399 66 1453 ³.
236 1406 338 1460 hoc
367 1406 463 1459 tibi
494 1406 559 1460 de
592 1404 783 1460 Getico
812 1406 962 1458 litore
993 1405 1150 1457 mittit
1181 1423 1329 1475 opus.

163 1477 212 1531 si
242 1486 419 1540 vacat,
449 1475 677 1546 hospitio
707 1476 1037 1546 peregrinos,
1069 1476 1260 1538 Brute,
1291 1476 1497 1529 libellos

52 1561 66 1581 ·’
238 1547 447 1618 excipe,
480 1547 712 1615 dumque
743 1546 943 1615 aliqu0,
976 1545 1213 1615 quolibet
1242 1546 1378 1599 abde
1410 1547 1542 1600 loco·

55 1619 74 1650 '⁵
162 1618 377 1691 publica
407 1635 513 1671 non
544 1617 742 1670 audent
771 1616 909 1670 intra
939 1617 1263 1670 monimenta
1292 1617 1489 1681 venire,
1913 1638 1939 1677 5

233 1707 302 1743 ne
333 1706 460 1742 suus
491 1687 592 1742 hoc
621 1687 722 1741 illis
753 1688 1001 1742 clauserit
1032 1699 1215 1742 auctor
1244 1688 1358 1742 iter.

65 1822 70 1830 ι
161 1758 220 1814 al
251 1759 495 1830 quotiens
525 1758 636 1812 dixi
666 1765 832 1813 ‘certe
862 1759 935 1812 nil
965 1769 1119 1830 turpe
1150 1758 1373 1812 docetis:

232 1830 331 1895 ite,
361 1839 508 1902 patet
538 1830 695 1884 castis
726 1830 965 1885 versibus
996 1830 1083 1885 ille
1114 1830 1313 1883 locusl'

62 1914 74 1983 ᾗ
99 1945 104 1950 .
158 1918 269 1956 non
296 1910 477 1955 tamen
506 1901 782 1956 accedunt.
857 1901 974 1964 sed,
1006 1911 1065 1954 ut
1095 1901 1286 1972 aspicis
1316 1901 1453 1972 ipse,
1485 1902 1648 1958 latere

234 1972 336 2027 sub
367 1972 510 2026 Lare
539 1972 746 2043 privato
777 1973 940 2026 tutius
972 1991 1087 2026 esse
1118 1982 1323 2043 putant.
1916 1994 1968 2032 10

159 2043 398 2114 quaeris,
428 2043 523 2097 ubi
552 2043 649 2097 hos
718 2043 850 2097 ossis
881 2044 1025 2096 nullo
1058 2062 1372 2114 componere
1405 2045 1579 2097 laeso?

66 2155 71 2178 ,
234 2133 341 2184 qua
371 2123 625 2169 steterant
711 2123 841 2177 rtes,
871 2133 993 2185 pars
1025 2126 1179 2168 vacat
1209 2115 1299 2168 illa
1328 2114 1439 2167 tibi.

158 2185 291 2257 quid
321 2185 560 2248 veniant,
591 2185 825 2239 novitate
854 2204 1009 2256 roges
1039 2185 1262 2238 fortasse
1294 2186 1393 2238 sub
1424 2186 1555 2256 ipsa.

62 2275 67 2283 ⁴
232 2256 438 2328 accipe,
470 2256 843 2326 quodcumque
874 2266 977 2320 est,
1010 2256 1297 2309 dummodo
1327 2275 1435 2309 non
1466 2257 1532 2310 sit
1562 2275 1726 2312 amor.

160 2326 396 2383 invenies
406 2367 421 2392 ,
450 2327 694 2397 quamvis
725 2346 832 2380 non
862 2337 942 2381 est
971 2327 1283 2381 miserabilis
1314 2327 1489 2390 index,
1913 2348 1964 2386 15

231 2417 338 2452 non
367 2398 543 2452 minus
574 2398 676 2453 hoc
706 2398 795 2451 illo
826 2399 995 2462 triste,
1027 2399 1171 2467 quod
1201 2408 1322 2451 ante
1353 2398 1489 2452 dedi.

60 2520 66 2522 .
161 2469 320 2524 rebus
349 2469 516 2533 idem,
547 2469 700 2523 titulo
733 2469 909 2523 differt
919 2490 932 2532 ;
965 2479 1017 2523 et
1047 2470 1274 2539 epistula
1304 2470 1389 2523 cui
1420 2470 1487 2523 sit

230 2559 339 2595 non
369 2541 631 2595 occultato
661 2541 874 2594 nomine
905 2541 1066 2594 missa
1097 2541 1266 2594 docet.

159 2630 263 2666 nec
289 2629 385 2675 vos
414 2611 516 2666 hoc
546 2612 728 2676 vultis,
761 2612 855 2666 sed
885 2630 983 2665 nec
1013 2612 1292 2682 prohibere
1323 2611 1561 2682 potestiS,

231 2683 502 2751 Musaque
532 2683 601 2736 ad
630 2683 821 2736 invitos
853 2683 1091 2736 officiosa
1121 2683 1280 2736 venit.
1736 2698 1750 2718 ⁸
1911 2702 1966 2741 20

157 2753 415 2823 quicquid
442 2753 499 2805 id
528 2762 630 2816 est,
662 2753 892 2823 adiunge
922 2754 1070 2806 meis.
1145 2754 1275 2806 nihil
1305 2753 1525 2823 impedit
1556 2764 1697 2807 ortos

233 2824 412 2888 exule,
443 2823 663 2878 servatis
691 2824 926 2894 legibuS,
957 2824 1087 2877 urbe
1118 2824 1239 2876 frui.

158 2894 308 2965 quod
336 2903 566 2956 metuas,
596 2913 704 2948 non
734 2903 828 2947 est.
902 2894 1109 2947 Antoni
1139 2895 1333 2964 scripta
1361 2895 1627 2963 leguntur,

233 2965 421 3019 doctus
453 2974 505 3019 et
533 2965 589 3017 in
617 2974 865 3035 promptu
895 2965 1086 3018 scrinia
1116 2965 1317 3017 Brutus
1347 2965 1523 3018 habet.

161 3054 261 3091 nec
290 3055 376 3090 me
405 3035 707 3089 nominibus
738 3036 968 3089 furiosus
1000 3035 1214 3089 confero
1245 3035 1428 3088 tantis:
1909 3055 1963 3094 25

233 3126 393 3162 saeva
423 3107 550 3161 deos
580 3115 763 3160 contra
791 3125 899 3159 non
929 3116 1106 3159 tamen
1138 3126 1284 3159 arma
1315 3106 1426 3158 tuli.

158 3176 390 3248 denique
421 3175 711 3240 CaesareO,
742 3177 886 3246 quod
914 3196 1022 3230 non
1053 3177 1315 3230 desiderat
1344 3177 1475 3247 ipse,

145 3267 148 3270 ·
234 3267 342 3302 non
372 3258 515 3303 caret
545 3268 574 3303 e
604 3249 795 3302 nostris
826 3249 966 3302 ullus
996 3248 1193 3316 honore
1225 3249 1372 3301 liber.

161 3318 211 3372 si
241 3319 451 3374 dubitas
482 3319 548 3376 de
578 3339 688 3384 me,
718 3319 902 3373 laudes
933 3319 1151 3373 admitte
1183 3320 1417 3381 deorum,

235 3398 289 3444 et.
318 3408 532 3445 carmen
562 3390 775 3462 dempto
805 3391 1016 3445 nomine
1046 3409 1195 3444 sume
1224 3409 1419 3444 meum.
1906 3410 1962 3448 30

162 3459 383 3514 adiuvat
412 3461 468 3514 in
496 3461 634 3515 bello
665 3471 885 3532 pacatae
915 3481 1094 3514 ramus
1124 3462 1317 3514 olivae:

237 3530 471 3601 proderit
502 3541 769 3588 auctorem
799 3533 944 3603 pacis
974 3533 1169 3587 habere
1200 3532 1361 3585 nihil?
