2158 3906
333 316 437 369 184
889 322 943 367 Ρ.
979 321 1187 368 OVIDII
1216 320 1487 367 NASONIS

251 449 303 489 75
342 430 568 497 denique
598 427 744 479 nulla
773 423 902 476 mihi
933 431 1174 492 captatur
1203 422 1396 492 gloria,
1428 439 1670 491 quaeque

410 498 621 568 ingenio
654 494 891 548 stimulos
923 493 1148 546 subdere
1178 492 1322 545 fama
1352 493 1498 545 solet.

338 571 584 625 nolumus
618 566 841 619 assiduis
873 564 1109 617 animum
1138 564 1408 617 tabescere
1439 563 1601 615 curis:

409 658 544 708 quae
576 647 753 692 tamen
783 637 1115 705 inrumpunt,
1147 651 1358 703 quoque
1388 642 1656 696 vetantur,
1688 641 1832 686 eunt.

337 731 431 765 eur
463 708 713 771 scribam,
748 707 926 760 docui:
959 725 1053 759 cur
1082 705 1310 768 mittam,
1340 705 1614 773 quaeritis,
1644 704 1811 757 istuc?

251 800 306 841 80
408 779 686 833 vobiscum
717 778 873 847 cupio
905 777 1141 846 quolibet
1170 795 1284 829 esse
1315 777 1489 829 modo.

1150 889 1225 941 II.

336 992 547 1062 Ecquid
577 991 671 1045 ubi
701 990 939 1062 e‚Ponto
969 1007 1110 1042 nova
1139 988 1282 1041 venit
1313 988 1561 1057 epistula,
1592 989 1774 1058 palleS,

412 1074 463 1117 et
493 1063 589 1116 tibi
620 1061 842 1115 sollicita
873 1060 1093 1114 solvitur
1120 1059 1210 1112 illa
1238 1059 1431 1111 manu?

339 1154 477 1206 pone
508 1143 732 1187 metum:
764 1133 915 1186 valeo
926 1152 940 1194 3
974 1147 1295 1199 corpusque,
1329 1129 1473 1198 quod
1503 1138 1623 1182 ante
1653 1129 1895 1181 laborum

412 1206 691 1274 impatiens
722 1203 875 1258 nobis
908 1202 1308 1270 invalidumque
1338 1200 1455 1262 fuit,

285 1295 310 1334 5
343 1277 538 1330 sufficit
569 1285 725 1343 atque
756 1275 872 1344 ipso
902 1282 1155 1327 vexatum
1184 1272 1419 1324 induruit
1447 1290 1565 1323 usu.

416 1368 482 1399 an
513 1347 685 1416 magis
715 1346 922 1398 infirmo
954 1363 1060 1397 non
1090 1352 1244 1396 vacat
1275 1361 1389 1396 esse
1419 1342 1580 1394 mihi?

342 1438 491 1471 mens
523 1427 701 1470 tamen
733 1435 892 1486 aegra
921 1416 1058 1469 iacet
1088 1433 1187 1468 nec
1217 1424 1454 1484 tempore
1484 1413 1676 1465 robora
1706 1410 1949 1482 sumpsit,

413 1489 742 1556 affectusque
773 1487 958 1549 animi,
990 1486 1082 1554 qui
1110 1485 1211 1537 fuit
1241 1495 1386 1548 ante,
1418 1494 1612 1537 manet.

340 1578 581 1629 quaeque
612 1577 761 1611 mora
791 1557 1066 1627 spatioque
1098 1574 1193 1609 suo
1225 1555 1427 1608 coitura
1456 1554 1640 1625 putavi

258 1648 311 1687 10
418 1631 656 1691 vulnera,
688 1647 795 1681 non
827 1629 976 1681 aliter
1007 1646 1167 1695 quam
1197 1626 1354 1678 modo
1385 1626 1528 1678 facta
1558 1625 1751 1678 dolent.

343 1702 541 1754 scilicet
572 1700 779 1770 exiguis
810 1699 1025 1769 prodest
1056 1716 1255 1750 annosa
1286 1706 1544 1750 vetustas:

414 1771 703 1842 grandibus
736 1770 996 1823 accedunt
1025 1779 1261 1838 tempore
1293 1769 1486 1820 damna
1514 1767 1683 1819 malis.

342 1862 511 1913 paene
544 1842 725 1895 decem
756 1841 878 1893 totis
911 1840 1037 1892 aluit
1067 1838 1356 1892 Poeantius
1390 1838 1539 1890 annis

414 1913 723 1983 pestiferum
754 1911 955 1963 tumido
986 1910 1178 1963 vulnus
1211 1910 1277 1962 ab
1308 1927 1483 1979 angue
1515 1908 1713 1961 datum.

260 2002 311 2040 15
344 1983 612 2053 Telephus
644 1992 858 2036 aeterna
888 1990 1231 2050 consumptus
1262 1981 1385 2033 tabe
1415 1979 1652 2050 perisset,

416 2056 458 2107 si
489 2073 621 2116 non,
654 2072 789 2122 quae
820 2053 1024 2114 nocuit,
1056 2052 1241 2104 dextra
1271 2051 1476 2104 tulisset
1506 2069 1678 2120 opem.

345 2135 396 2178 et
426 2144 569 2188 mea,
602 2124 646 2177 si
675 2125 880 2177 facinus
910 2123 1115 2175 nullum
1146 2121 1528 2185 commisimus,
1560 2130 1702 2191 opt0,

416 2197 657 2258 vulnera,
689 2195 781 2264 qui
810 2194 959 2257 fecit,
990 2194 1131 2246 facta
1160 2194 1337 2246 levare
1367 2193 1518 2255 velit3

346 2276 725 2335 contentusque
755 2266 860 2319 mei
889 2266 995 2318 iam
1025 2264 1241 2318 tandem
1270 2273 1419 2334 parte
1450 2263 1644 2316 doloris

260 2357 314 2397 20
418 2339 670 2407 exiguum
701 2338 857 2407 pleno
890 2337 955 2389 de
984 2354 1130 2388 mare
1162 2335 1338 2388 demat
1368 2351 1552 2401 aquae.

346 2409 587 2462 detrahat
616 2417 675 2460 ut
703 2409 955 2469 multum,
987 2407 1211 2458 multum
1241 2405 1460 2458 restabit
1491 2403 1683 2467 acerbi,

416 2498 643 2549 parsque
672 2497 821 2531 meae
851 2496 1054 2548 poenae
1084 2477 1242 2529 totius
1273 2477 1438 2528 instar
1468 2475 1581 2528 erit.

345 2551 498 2603 litora
529 2559 659 2618 quot
690 2548 940 2610 conchaS,
971 2557 1101 2616 quot
1133 2565 1354 2600 amoena
1383 2546 1581 2598 rosaria
1610 2546 1782 2608 flores,

417 2630 612 2690 quotve
644 2620 990 2690 soporiferum
1020 2638 1186 2688 grana
1215 2636 1448 2687 papaver
1477 2617 1653 2679 habet,

261 2711 314 2751 25
348 2692 479 2745 silva
509 2692 648 2745 feras
678 2699 807 2759 quot
838 2690 953 2753 alit,
984 2698 1113 2758 quot
1144 2689 1375 2759 piscibus
1405 2688 1550 2740 unda
1579 2695 1806 2748 natatur,

418 2771 548 2832 quot
577 2762 816 2815 tenerum
847 2761 1020 2830 pinnis
1052 2765 1174 2813 ae’ra
1203 2759 1375 2829 pulsat
1408 2759 1536 2821 avis,

350 2843 424 2886 tot
452 2851 662 2903 premor
692 2832 944 2886 adversis.
1019 2849 1156 2900 quae
1187 2831 1231 2883 si
1261 2848 1576 2900 componere
1608 2846 1782 2892 coner,

416 2905 619 2958 Icariae
649 2922 931 2956 numerum
961 2902 1134 2956 dicere
1165 2920 1322 2955 coner
1353 2919 1538 2969 aquae.

344 2985 509 3044 utque
541 2975 657 3028 viae
688 2993 864 3037 caSUS,
894 2982 955 3026 ut
985 2992 1164 3026 amara
1193 2972 1428 3042 pericula
1457 2971 1620 3042 ponti,

262 3065 316 3104 30
417 3056 475 3099 ut
505 3055 709 3099 taceam
740 3046 945 3098 strictas
974 3044 1029 3097 in
1058 3063 1178 3097 mea
1207 3043 1318 3096 fata
1346 3061 1558 3095 manus:

347 3117 573 3170 barbara
602 3135 688 3169 me
718 3117 872 3169 tellus
902 3115 1148 3183 orbisque
1177 3114 1465 3167 novissima
1494 3111 1674 3181 magni

416 3188 659 3250 sustinet,
691 3196 743 3240 et
774 3204 932 3240 saevo
964 3185 1164 3239 cinctus
1195 3185 1264 3237 ab
1294 3184 1444 3236 hoste
1473 3184 1637 3236 locus.

344 3257 466 3311 hinc
489 3276 588 3327 ego
612 3258 873 3318 traicerer,
888 3273 1145 3323 —neque
1170 3255 1309 3308 enim
1332 3273 1451 3306 mea
1473 3253 1630 3322 culpa
1649 3260 1867 3305 cruenta
1885 3259 1964 3306 est
1979 3277 2056 3318 -ς

418 3338 576 3390 esset,
609 3346 744 3396 quae
775 3327 957 3388 debet,
990 3326 1034 3377 si
1062 3325 1158 3377 tibi
1189 3343 1316 3378 cura
1344 3325 1464 3377 mei.

260 3418 312 3456 35
344 3400 430 3452 ille
462 3400 616 3461 deus,
648 3399 783 3451 bene
813 3414 918 3465 quo
948 3395 1191 3448 Romana
1220 3394 1457 3465 potentia
1486 3393 1611 3448 nixa
1642 3402 1737 3458 est,

414 3488 571 3539 saepe
603 3487 698 3521 suo
730 3468 896 3521 victor
925 3467 1056 3521 lenis
1086 3467 1146 3519 in.
1171 3465 1320 3520 hoste
1351 3465 1467 3518 fuit.
