<?xml version="1.0" encoding="UTF-8"?>
<!DOCTYPE html PUBLIC "-//W3C//DTD XHTML 1.0 Transitional//EN"
    "http://www.w3.org/TR/xhtml1/DTD/xhtml1-transitional.dtd">
<html xmlns="http://www.w3.org/1999/xhtml" xml:lang="en" lang="en">
 <head>
  <title>
</title>
<meta http-equiv="Content-Type" content="text/html;charset=utf-8" />
  <meta name='ocr-system' content='tesseract 3.04.00' />
  <meta name='ocr-capabilities' content='ocr_page ocr_carea ocr_par ocr_line ocrx_word'/>
</head>
<body>
  <div class='ocr_page' id='page_1' title='image "./carminaov03oviduoft_0313.png"; bbox 0 0 2158 3906; ppageno 0'>
   <div class='ocr_carea' id='block_1_1' title="bbox 476 385 1856 458">
    <p class='ocr_par' dir='ltr' id='par_1_1' title="bbox 476 385 1856 458">
     <span class='ocr_line' id='line_1_1' title="bbox 476 385 1856 458; baseline -0.004 -13"><span class='ocrx_word' id='word_1_1' title='bbox 476 400 566 446; x_wconf 87' lang='lat' dir='ltr'>EX</span> <span class='ocrx_word' id='word_1_2' title='bbox 592 399 808 448; x_wconf 87' lang='lat' dir='ltr'>PONTO</span> <span class='ocrx_word' id='word_1_3' title='bbox 836 398 960 446; x_wconf 89' lang='lat' dir='ltr'><strong>LIB.</strong></span> <span class='ocrx_word' id='word_1_4' title='bbox 993 399 1078 448; x_wconf 87' lang='lat' dir='ltr'>IV.</span> <span class='ocrx_word' id='word_1_5' title='bbox 1110 399 1193 458; x_wconf 88' lang='lat' dir='ltr'>VI,</span> <span class='ocrx_word' id='word_1_6' title='bbox 1224 399 1418 458; x_wconf 83' lang='lat' dir='ltr'>3-vn‚</span> <span class='ocrx_word' id='word_1_7' title='bbox 1448 400 1521 445; x_wconf 88' lang='lat'>38.</span> <span class='ocrx_word' id='word_1_8' title='bbox 1748 385 1856 441; x_wconf 81' lang='lat'>275</span> 
     </span>
    </p>
   </div>
   <div class='ocr_carea' id='block_1_2' title="bbox 74 501 1945 787">
    <p class='ocr_par' dir='ltr' id='par_1_2' title="bbox 74 501 1488 644">
     <span class='ocr_line' id='line_1_2' title="bbox 143 501 1488 573; baseline -0.001 -16"><span class='ocrx_word' id='word_1_9' title='bbox 143 510 308 572; x_wconf 88' lang='lat' dir='ltr'>utque</span> <span class='ocrx_word' id='word_1_10' title='bbox 338 501 422 555; x_wconf 90' lang='lat' dir='ltr'>Th</span> <span class='ocrx_word' id='word_1_11' title='bbox 464 511 637 556; x_wconf 88' lang='lat' dir='ltr'>esteae</span> <span class='ocrx_word' id='word_1_12' title='bbox 667 503 885 557; x_wconf 85' lang='lat' dir='ltr'>redeant</span> <span class='ocrx_word' id='word_1_13' title='bbox 916 502 960 556; x_wconf 92' lang='lat' dir='ltr'>si</span> <span class='ocrx_word' id='word_1_14' title='bbox 990 511 1229 573; x_wconf 88' lang='lat' dir='ltr'>tempora</span> <span class='ocrx_word' id='word_1_15' title='bbox 1257 520 1488 564; x_wconf 79' lang='lat' dir='ltr'><strong>mensae,</strong></span> 
     </span>
     <span class='ocr_line' id='line_1_3' title="bbox 74 571 1260 644; baseline 0.001 -18"><span class='ocrx_word' id='word_1_16' title='bbox 74 630 80 637; x_wconf 53' lang='lat'>‚</span> <span class='ocrx_word' id='word_1_17' title='bbox 217 573 340 627; x_wconf 86' lang='lat' dir='ltr'>solis</span> <span class='ocrx_word' id='word_1_18' title='bbox 371 592 402 626; x_wconf 87' lang='lat' dir='ltr'>a</span> <span class='ocrx_word' id='word_1_19' title='bbox 468 571 614 626; x_wconf 86' lang='lat' dir='ltr'>ans</span> <span class='ocrx_word' id='word_1_20' title='bbox 645 591 828 627; x_wconf 88' lang='lat' dir='ltr'>currus</span> <span class='ocrx_word' id='word_1_21' title='bbox 861 583 1047 644; x_wconf 88' lang='lat' dir='ltr'>agetur</span> <span class='ocrx_word' id='word_1_22' title='bbox 1078 591 1260 643; x_wconf 87' lang='lat' dir='ltr'>aquas,</span> 
     </span>
    </p>

    <p class='ocr_par' dir='ltr' id='par_1_3' title="bbox 143 643 1945 787">
     <span class='ocr_line' id='line_1_4' title="bbox 143 643 1762 715; baseline -0.001 -18"><span class='ocrx_word' id='word_1_23' title='bbox 143 662 306 714; x_wconf 88' lang='lat' dir='ltr'>quam</span> <span class='ocrx_word' id='word_1_24' title='bbox 335 643 615 713; x_wconf 89' lang='lat' dir='ltr'>quisquam</span> <span class='ocrx_word' id='word_1_25' title='bbox 645 654 903 707; x_wconf 87' lang='lat' dir='ltr'>vestrum,</span> <span class='ocrx_word' id='word_1_26' title='bbox 935 644 1025 712; x_wconf 91' lang='lat' dir='ltr'>qui</span> <span class='ocrx_word' id='word_1_27' title='bbox 1056 663 1140 698; x_wconf 91' lang='lat' dir='ltr'>me</span> <span class='ocrx_word' id='word_1_28' title='bbox 1171 643 1409 698; x_wconf 82' lang='lat' dir='ltr'>doluistis</span> <span class='ocrx_word' id='word_1_29' title='bbox 1440 643 1762 715; x_wconf 88' lang='lat' dir='ltr'>ademptum,</span> 
     </span>
     <span class='ocr_line' id='line_1_5' title="bbox 217 714 1945 787; baseline 0.002 -21"><span class='ocrx_word' id='word_1_30' title='bbox 217 723 428 784; x_wconf 88' lang='lat' dir='ltr'>arguat,</span> <span class='ocrx_word' id='word_1_31' title='bbox 458 714 725 787; x_wconf 83' lang='lat' dir='ltr'>ingratum</span> <span class='ocrx_word' id='word_1_32' title='bbox 754 733 860 768; x_wconf 92' lang='lat' dir='ltr'>non</span> <span class='ocrx_word' id='word_1_33' title='bbox 890 714 1190 769; x_wconf 81' lang='lat' dir='ltr'>meminisse</span> <span class='ocrx_word' id='word_1_34' title='bbox 1220 715 1318 769; x_wconf 90' lang='lat' dir='ltr'>sui.</span> <span class='ocrx_word' id='word_1_35' title='bbox 1555 780 1558 783; x_wconf 14' lang='grc' dir='ltr'><strong>Δ</strong></span> <span class='ocrx_word' id='word_1_36' title='bbox 1833 765 1841 773; x_wconf 93' lang='grc'><strong>.</strong></span> <span class='ocrx_word' id='word_1_37' title='bbox 1885 730 1945 769; x_wconf 82' lang='lat'>50</span> 
     </span>
    </p>
   </div>
   <div class='ocr_carea' id='block_1_3' title="bbox 936 828 1064 883">
    <p class='ocr_par' dir='ltr' id='par_1_4' title="bbox 936 828 1064 883">
     <span class='ocr_line' id='line_1_6' title="bbox 936 828 1064 883; baseline -0.023 0"><span class='ocrx_word' id='word_1_38' title='bbox 936 828 1064 883; x_wconf 92' lang='lat' dir='ltr'><strong>VII.</strong></span> 
     </span>
    </p>
   </div>
   <div class='ocr_carea' id='block_1_4' title="bbox 4 922 1968 3676">
    <p class='ocr_par' dir='ltr' id='par_1_5' title="bbox 144 922 1968 995">
     <span class='ocr_line' id='line_1_7' title="bbox 144 922 1968 995; baseline -0.001 -13"><span class='ocrx_word' id='word_1_39' title='bbox 144 926 345 982; x_wconf 89' lang='lat' dir='ltr'>Missus</span> <span class='ocrx_word' id='word_1_40' title='bbox 377 944 433 980; x_wconf 90' lang='lat' dir='ltr'>es</span> <span class='ocrx_word' id='word_1_41' title='bbox 455 925 696 980; x_wconf 83' lang='lat' dir='ltr'><strong>Euxinas</strong></span> <span class='ocrx_word' id='word_1_42' title='bbox 727 927 994 995; x_wconf 91' lang='lat' dir='ltr'>quoniam,</span> <span class='ocrx_word' id='word_1_43' title='bbox 1025 928 1275 991; x_wconf 88' lang='lat' dir='ltr'>Vestalis,</span> <span class='ocrx_word' id='word_1_44' title='bbox 1306 928 1375 982; x_wconf 88' lang='lat' dir='ltr'>ad</span> <span class='ocrx_word' id='word_1_45' title='bbox 1405 928 1592 991; x_wconf 88' lang='lat' dir='ltr'>undas,</span> <span class='ocrx_word' id='word_1_46' title='bbox 1646 922 1968 970; x_wconf 68' lang='lat' dir='ltr'>VESTAE!-</span> 
     </span>
    </p>

    <p class='ocr_par' dir='ltr' id='par_1_6' title="bbox 11 996 1913 1425">
     <span class='ocr_line' id='line_1_8' title="bbox 215 996 1291 1069; baseline 0 -17"><span class='ocrx_word' id='word_1_47' title='bbox 215 1006 285 1052; x_wconf 88' lang='lat' dir='ltr'>ut.</span> <span class='ocrx_word' id='word_1_48' title='bbox 303 996 486 1069; x_wconf 88' lang='lat' dir='ltr'>positis</span> <span class='ocrx_word' id='word_1_49' title='bbox 517 997 709 1051; x_wconf 83' lang='lat' dir='ltr'>reddas</span> <span class='ocrx_word' id='word_1_50' title='bbox 739 998 855 1051; x_wconf 87' lang='lat' dir='ltr'>iura</span> <span class='ocrx_word' id='word_1_51' title='bbox 885 998 985 1052; x_wconf 92' lang='lat' dir='ltr'>sub</span> <span class='ocrx_word' id='word_1_52' title='bbox 1016 1018 1114 1052; x_wconf 83' lang='lat' dir='ltr'>axe</span> <span class='ocrx_word' id='word_1_53' title='bbox 1146 999 1291 1062; x_wconf 87' lang='lat' dir='ltr'>loeis,</span> 
     </span>
     <span class='ocr_line' id='line_1_9' title="bbox 145 1068 1469 1140; baseline -0.001 -16"><span class='ocrx_word' id='word_1_54' title='bbox 145 1068 334 1140; x_wconf 87' lang='lat' dir='ltr'>aspicis</span> <span class='ocrx_word' id='word_1_55' title='bbox 366 1086 431 1122; x_wconf 91' lang='lat' dir='ltr'>en</span> <span class='ocrx_word' id='word_1_56' title='bbox 461 1087 735 1139; x_wconf 85' lang='lat' dir='ltr'>praesens,</span> <span class='ocrx_word' id='word_1_57' title='bbox 767 1069 913 1138; x_wconf 88' lang='lat' dir='ltr'>quali</span> <span class='ocrx_word' id='word_1_58' title='bbox 942 1069 1208 1123; x_wconf 88' lang='lat' dir='ltr'>iaceamus</span> <span class='ocrx_word' id='word_1_59' title='bbox 1239 1069 1294 1123; x_wconf 90' lang='lat' dir='ltr'>in</span> <span class='ocrx_word' id='word_1_60' title='bbox 1325 1088 1469 1135; x_wconf 88' lang='lat' dir='ltr'>arv0,</span> 
     </span>
     <span class='ocr_line' id='line_1_10' title="bbox 59 1139 1298 1209; baseline 0 -16"><span class='ocrx_word' id='word_1_61' title='bbox 59 1199 61 1201; x_wconf 64' lang='lat'>‚</span> <span class='ocrx_word' id='word_1_62' title='bbox 214 1158 313 1194; x_wconf 90' lang='lat' dir='ltr'>nec</span> <span class='ocrx_word' id='word_1_63' title='bbox 344 1158 429 1193; x_wconf 88' lang='lat' dir='ltr'>me</span> <span class='ocrx_word' id='word_1_64' title='bbox 459 1139 606 1192; x_wconf 90' lang='lat' dir='ltr'>testis</span> <span class='ocrx_word' id='word_1_65' title='bbox 639 1140 739 1193; x_wconf 90' lang='lat' dir='ltr'>eris</span> <span class='ocrx_word' id='word_1_66' title='bbox 770 1140 904 1193; x_wconf 86' lang='lat' dir='ltr'>falsa</span> <span class='ocrx_word' id='word_1_67' title='bbox 934 1141 1101 1194; x_wconf 91' lang='lat' dir='ltr'>solere</span> <span class='ocrx_word' id='word_1_68' title='bbox 1133 1140 1298 1209; x_wconf 89' lang='lat' dir='ltr'>queri.</span> 
     </span>
     <span class='ocr_line' id='line_1_11' title="bbox 11 1210 1913 1281; baseline 0.001 -15"><span class='ocrx_word' id='word_1_69' title='bbox 11 1229 14 1278; x_wconf 63' lang='lat'>2</span> <span class='ocrx_word' id='word_1_70' title='bbox 55 1236 58 1243; x_wconf 92' lang='lat'><em>·</em></span> <span class='ocrx_word' id='word_1_71' title='bbox 145 1211 360 1267; x_wconf 80' lang='lat' dir='ltr'>accedet</span> <span class='ocrx_word' id='word_1_72' title='bbox 390 1210 508 1264; x_wconf 89' lang='lat' dir='ltr'>voci</span> <span class='ocrx_word' id='word_1_73' title='bbox 538 1229 645 1281; x_wconf 40' lang='lat' dir='ltr'>per,</span> <span class='ocrx_word' id='word_1_74' title='bbox 662 1220 714 1264; x_wconf 90' lang='lat' dir='ltr'>te</span> <span class='ocrx_word' id='word_1_75' title='bbox 744 1229 851 1264; x_wconf 93' lang='lat' dir='ltr'>non</span> <span class='ocrx_word' id='word_1_76' title='bbox 880 1211 1034 1264; x_wconf 90' lang='lat' dir='ltr'>inrita</span> <span class='ocrx_word' id='word_1_77' title='bbox 1063 1222 1289 1274; x_wconf 86' lang='lat' dir='ltr'>nostrae,</span> <span class='ocrx_word' id='word_1_78' title='bbox 1529 1227 1539 1237; x_wconf 87' lang='lat'><strong>·</strong></span> <span class='ocrx_word' id='word_1_79' title='bbox 1886 1227 1913 1267; x_wconf 84' lang='lat'><strong>5</strong></span> 
     </span>
     <span class='ocr_line' id='line_1_12' title="bbox 12 1281 1254 1354; baseline -0.001 -19"><span class='ocrx_word' id='word_1_80' title='bbox 12 1281 14 1291; x_wconf 89' lang='lat'>&#39;</span> <span class='ocrx_word' id='word_1_81' title='bbox 215 1281 427 1354; x_wconf 83' lang='lat' dir='ltr'>Alpinis</span> <span class='ocrx_word' id='word_1_82' title='bbox 457 1281 662 1335; x_wconf 89' lang='lat' dir='ltr'>iuvenis</span> <span class='ocrx_word' id='word_1_83' title='bbox 693 1282 908 1351; x_wconf 89' lang='lat' dir='ltr'>regibus</span> <span class='ocrx_word' id='word_1_84' title='bbox 939 1291 1076 1345; x_wconf 92' lang='lat' dir='ltr'>orte,</span> <span class='ocrx_word' id='word_1_85' title='bbox 1106 1282 1254 1335; x_wconf 88' lang='lat' dir='ltr'>fides.</span> 
     </span>
     <span class='ocr_line' id='line_1_13' title="bbox 143 1352 1457 1425; baseline -0.002 -18"><span class='ocrx_word' id='word_1_86' title='bbox 143 1353 257 1425; x_wconf 89' lang='lat' dir='ltr'>ipse</span> <span class='ocrx_word' id='word_1_87' title='bbox 288 1352 435 1406; x_wconf 87' lang='lat' dir='ltr'>vides</span> <span class='ocrx_word' id='word_1_88' title='bbox 467 1362 608 1407; x_wconf 87' lang='lat' dir='ltr'>certe</span> <span class='ocrx_word' id='word_1_89' title='bbox 638 1353 808 1422; x_wconf 88' lang='lat' dir='ltr'>glacie</span> <span class='ocrx_word' id='word_1_90' title='bbox 839 1370 1174 1406; x_wconf 82' lang='lat' dir='ltr'>concrescere</span> <span class='ocrx_word' id='word_1_91' title='bbox 1204 1352 1457 1417; x_wconf 88' lang='lat' dir='ltr'>Pontum,</span> 
     </span>
    </p>

    <p class='ocr_par' dir='ltr' id='par_1_7' title="bbox 143 1423 1362 1567">
     <span class='ocr_line' id='line_1_14' title="bbox 215 1423 1262 1495; baseline -0.002 -17"><span class='ocrx_word' id='word_1_92' title='bbox 215 1425 327 1495; x_wconf 90' lang='lat' dir='ltr'>ipse</span> <span class='ocrx_word' id='word_1_93' title='bbox 358 1423 505 1490; x_wconf 79' lang='lat' dir='ltr'>vides</span> <span class='ocrx_word' id='word_1_94' title='bbox 535 1423 706 1494; x_wconf 88' lang='lat' dir='ltr'>rigido</span> <span class='ocrx_word' id='word_1_95' title='bbox 738 1423 930 1476; x_wconf 86' lang='lat' dir='ltr'>stantia</span> <span class='ocrx_word' id='word_1_96' title='bbox 959 1424 1082 1476; x_wconf 85' lang='lat' dir='ltr'>vina</span> <span class='ocrx_word' id='word_1_97' title='bbox 1111 1424 1262 1493; x_wconf 84' lang='lat' dir='ltr'>gelu:</span> 
     </span>
     <span class='ocr_line' id='line_1_15' title="bbox 143 1493 1362 1567; baseline -0.002 -19"><span class='ocrx_word' id='word_1_98' title='bbox 143 1495 255 1567; x_wconf 90' lang='lat' dir='ltr'>ipse</span> <span class='ocrx_word' id='word_1_99' title='bbox 286 1494 459 1556; x_wconf 90' lang='lat' dir='ltr'>vides,</span> <span class='ocrx_word' id='word_1_100' title='bbox 493 1503 708 1547; x_wconf 89' lang='lat' dir='ltr'>onerata</span> <span class='ocrx_word' id='word_1_101' title='bbox 736 1494 887 1547; x_wconf 85' lang='lat' dir='ltr'>ferox</span> <span class='ocrx_word' id='word_1_102' title='bbox 917 1503 976 1547; x_wconf 91' lang='lat' dir='ltr'>ut</span> <span class='ocrx_word' id='word_1_103' title='bbox 1006 1493 1165 1547; x_wconf 86' lang='lat' dir='ltr'>ducat</span> <span class='ocrx_word' id='word_1_104' title='bbox 1196 1494 1362 1563; x_wconf 84' lang='lat' dir='ltr'>Iazyx</span> 
     </span>
    </p>

    <p class='ocr_par' dir='ltr' id='par_1_8' title="bbox 63 1564 1949 1778">
     <span class='ocr_line' id='line_1_16' title="bbox 215 1564 1949 1637; baseline 0 -17"><span class='ocrx_word' id='word_1_105' title='bbox 215 1585 309 1637; x_wconf 88' lang='lat' dir='ltr'>per</span> <span class='ocrx_word' id='word_1_106' title='bbox 338 1565 538 1619; x_wconf 84' lang='lat' dir='ltr'>medias</span> <span class='ocrx_word' id='word_1_107' title='bbox 568 1564 738 1618; x_wconf 88' lang='lat' dir='ltr'>Histri</span> <span class='ocrx_word' id='word_1_108' title='bbox 768 1565 1005 1635; x_wconf 90' lang='lat' dir='ltr'>plaustra</span> <span class='ocrx_word' id='word_1_109' title='bbox 1034 1564 1298 1617; x_wconf 86' lang='lat' dir='ltr'>bubulcus</span> <span class='ocrx_word' id='word_1_110' title='bbox 1328 1581 1512 1632; x_wconf 87' lang='lat' dir='ltr'>aquas.</span> <span class='ocrx_word' id='word_1_111' title='bbox 1891 1580 1949 1620; x_wconf 83' lang='lat'>10</span> 
     </span>
     <span class='ocr_line' id='line_1_17' title="bbox 144 1634 1345 1708; baseline -0.003 -17"><span class='ocrx_word' id='word_1_112' title='bbox 144 1636 335 1708; x_wconf 89' lang='lat' dir='ltr'>aspicis</span> <span class='ocrx_word' id='word_1_113' title='bbox 367 1644 419 1690; x_wconf 90' lang='lat' dir='ltr'>et</span> <span class='ocrx_word' id='word_1_114' title='bbox 449 1634 585 1688; x_wconf 92' lang='lat' dir='ltr'>mitti</span> <span class='ocrx_word' id='word_1_115' title='bbox 616 1635 715 1688; x_wconf 90' lang='lat' dir='ltr'>sub</span> <span class='ocrx_word' id='word_1_116' title='bbox 746 1635 951 1688; x_wconf 86' lang='lat' dir='ltr'>adunco</span> <span class='ocrx_word' id='word_1_117' title='bbox 983 1635 1158 1688; x_wconf 85' lang='lat' dir='ltr'>toxica</span> <span class='ocrx_word' id='word_1_118' title='bbox 1187 1634 1345 1698; x_wconf 87' lang='lat' dir='ltr'>ferr0,</span> 
     </span>
     <span class='ocr_line' id='line_1_18' title="bbox 63 1704 1294 1778; baseline -0.004 -16"><span class='ocrx_word' id='word_1_119' title='bbox 63 1775 65 1778; x_wconf 90' lang='lat'>.</span> <span class='ocrx_word' id='word_1_120' title='bbox 215 1716 266 1762; x_wconf 89' lang='lat' dir='ltr'>et</span> <span class='ocrx_word' id='word_1_121' title='bbox 295 1707 460 1761; x_wconf 88' lang='lat' dir='ltr'>telum</span> <span class='ocrx_word' id='word_1_122' title='bbox 490 1724 676 1760; x_wconf 84' lang='lat' dir='ltr'>causas</span> <span class='ocrx_word' id='word_1_123' title='bbox 707 1706 890 1759; x_wconf 90' lang='lat' dir='ltr'>mortis</span> <span class='ocrx_word' id='word_1_124' title='bbox 922 1706 1115 1760; x_wconf 89' lang='lat' dir='ltr'>habere</span> <span class='ocrx_word' id='word_1_125' title='bbox 1146 1704 1294 1758; x_wconf 88' lang='lat' dir='ltr'>duas.</span> 
     </span>
    </p>

    <p class='ocr_par' dir='ltr' id='par_1_9' title="bbox 144 1775 1583 1849">
     <span class='ocr_line' id='line_1_19' title="bbox 144 1775 1583 1849; baseline -0.003 -16"><span class='ocrx_word' id='word_1_126' title='bbox 144 1788 303 1849; x_wconf 88' lang='lat' dir='ltr'>atque</span> <span class='ocrx_word' id='word_1_127' title='bbox 333 1777 535 1831; x_wconf 84' lang='lat' dir='ltr'>utinam</span> <span class='ocrx_word' id='word_1_128' title='bbox 563 1796 686 1849; x_wconf 89' lang='lat' dir='ltr'>pars</span> <span class='ocrx_word' id='word_1_129' title='bbox 716 1776 847 1832; x_wconf 89' lang='lat' dir='ltr'>haec</span> <span class='ocrx_word' id='word_1_130' title='bbox 879 1787 1082 1831; x_wconf 87' lang='lat' dir='ltr'>tanturn</span> <span class='ocrx_word' id='word_1_131' title='bbox 1114 1786 1351 1847; x_wconf 88' lang='lat' dir='ltr'>spectata</span> <span class='ocrx_word' id='word_1_132' title='bbox 1379 1775 1583 1840; x_wconf 88' lang='lat' dir='ltr'>fuisset,</span> 
     </span>
    </p>

    <p class='ocr_par' dir='ltr' id='par_1_10' title="bbox 143 1846 1944 1990">
     <span class='ocr_line' id='line_1_20' title="bbox 213 1846 1353 1932; baseline -0.002 -30"><span class='ocrx_word' id='word_1_133' title='bbox 213 1868 320 1903; x_wconf 92' lang='lat' dir='ltr'>non</span> <span class='ocrx_word' id='word_1_134' title='bbox 351 1848 508 1903; x_wconf 89' lang='lat' dir='ltr'>etiam</span> <span class='ocrx_word' id='word_1_135' title='bbox 538 1848 750 1932; x_wconf 82' lang='lat' dir='ltr'>proprio</span> <span class='ocrx_word' id='word_1_136' title='bbox 781 1848 994 1919; x_wconf 87' lang='lat' dir='ltr'>cognita</span> <span class='ocrx_word' id='word_1_137' title='bbox 1024 1848 1201 1902; x_wconf 86' lang='lat' dir='ltr'>Marte</span> <span class='ocrx_word' id='word_1_138' title='bbox 1233 1846 1353 1900; x_wconf 85' lang='lat' dir='ltr'>tibil</span> 
     </span>
     <span class='ocr_line' id='line_1_21' title="bbox 143 1918 1944 1990; baseline -0.003 -15"><span class='ocrx_word' id='word_1_139' title='bbox 143 1920 357 1976; x_wconf 87' lang='lat' dir='ltr'>tendisti</span> <span class='ocrx_word' id='word_1_140' title='bbox 387 1920 456 1974; x_wconf 87' lang='lat' dir='ltr'>ad</span> <span class='ocrx_word' id='word_1_141' title='bbox 485 1939 714 1990; x_wconf 76' lang='lat' dir='ltr'>primum</span> <span class='ocrx_word' id='word_1_142' title='bbox 743 1938 838 1989; x_wconf 88' lang='lat' dir='ltr'>per</span> <span class='ocrx_word' id='word_1_143' title='bbox 869 1919 1032 1972; x_wconf 87' lang='lat' dir='ltr'>densa</span> <span class='ocrx_word' id='word_1_144' title='bbox 1061 1918 1295 1989; x_wconf 84' lang='lat' dir='ltr'>pericula</span> <span class='ocrx_word' id='word_1_145' title='bbox 1327 1918 1509 1988; x_wconf 92' lang='lat' dir='ltr'>pilum,</span> <span class='ocrx_word' id='word_1_146' title='bbox 1888 1935 1944 1975; x_wconf 84' lang='lat'>15</span> 
     </span>
    </p>

    <p class='ocr_par' dir='ltr' id='par_1_11' title="bbox 4 1989 1943 2628">
     <span class='ocr_line' id='line_1_22' title="bbox 216 1989 1410 2062; baseline -0.003 -17"><span class='ocrx_word' id='word_1_147' title='bbox 216 1990 437 2062; x_wconf 89' lang='lat' dir='ltr'>contigit</span> <span class='ocrx_word' id='word_1_148' title='bbox 467 2009 532 2044; x_wconf 88' lang='lat' dir='ltr'>ex</span> <span class='ocrx_word' id='word_1_149' title='bbox 563 1990 749 2043; x_wconf 87' lang='lat' dir='ltr'>merito</span> <span class='ocrx_word' id='word_1_150' title='bbox 781 1990 873 2059; x_wconf 89' lang='lat' dir='ltr'>qui</span> <span class='ocrx_word' id='word_1_151' title='bbox 903 1990 999 2043; x_wconf 89' lang='lat' dir='ltr'>tibi</span> <span class='ocrx_word' id='word_1_152' title='bbox 1029 2008 1199 2060; x_wconf 88' lang='lat' dir='ltr'>nuper</span> <span class='ocrx_word' id='word_1_153' title='bbox 1228 1989 1410 2042; x_wconf 91' lang='lat' dir='ltr'>honor.</span> 
     </span>
     <span class='ocr_line' id='line_1_23' title="bbox 144 2059 1537 2131; baseline -0.004 -13"><span class='ocrx_word' id='word_1_154' title='bbox 144 2063 212 2118; x_wconf 89' lang='lat' dir='ltr'>sit</span> <span class='ocrx_word' id='word_1_155' title='bbox 240 2062 363 2117; x_wconf 92' lang='lat' dir='ltr'>licet</span> <span class='ocrx_word' id='word_1_156' title='bbox 392 2061 478 2115; x_wconf 89' lang='lat' dir='ltr'>hic</span> <span class='ocrx_word' id='word_1_157' title='bbox 507 2059 689 2114; x_wconf 90' lang='lat' dir='ltr'>titulus</span> <span class='ocrx_word' id='word_1_158' title='bbox 719 2061 887 2131; x_wconf 90' lang='lat' dir='ltr'>plenis</span> <span class='ocrx_word' id='word_1_159' title='bbox 917 2060 1012 2113; x_wconf 89' lang='lat' dir='ltr'>tibi</span> <span class='ocrx_word' id='word_1_160' title='bbox 1043 2060 1301 2114; x_wconf 90' lang='lat' dir='ltr'>fructibus</span> <span class='ocrx_word' id='word_1_161' title='bbox 1331 2060 1537 2130; x_wconf 89' lang='lat' dir='ltr'>ingens,</span> 
     </span>
     <span class='ocr_line' id='line_1_24' title="bbox 101 2131 1289 2205; baseline -0.003 -18"><span class='ocrx_word' id='word_1_162' title='bbox 101 2174 106 2179; x_wconf 84' lang='lat'>-</span> <span class='ocrx_word' id='word_1_163' title='bbox 214 2134 332 2205; x_wconf 86' lang='lat' dir='ltr'>ipsa</span> <span class='ocrx_word' id='word_1_164' title='bbox 360 2141 538 2186; x_wconf 88' lang='lat' dir='ltr'>tamen</span> <span class='ocrx_word' id='word_1_165' title='bbox 566 2131 733 2185; x_wconf 88' lang='lat' dir='ltr'>virtus</span> <span class='ocrx_word' id='word_1_166' title='bbox 765 2131 948 2185; x_wconf 88' lang='lat' dir='ltr'>ordine</span> <span class='ocrx_word' id='word_1_167' title='bbox 978 2131 1146 2184; x_wconf 88' lang='lat' dir='ltr'>maior</span> <span class='ocrx_word' id='word_1_168' title='bbox 1176 2132 1289 2184; x_wconf 88' lang='lat' dir='ltr'>erit.</span> 
     </span>
     <span class='ocr_line' id='line_1_25' title="bbox 4 2200 1659 2274; baseline -0.003 -15"><span class='ocrx_word' id='word_1_169' title='bbox 4 2221 5 2226; x_wconf 74' lang='grc'>’</span> <span class='ocrx_word' id='word_1_170' title='bbox 66 2259 67 2262; x_wconf 72' lang='grc'>,</span> <span class='ocrx_word' id='word_1_171' title='bbox 142 2224 250 2259; x_wconf 92' lang='lat' dir='ltr'>non</span> <span class='ocrx_word' id='word_1_172' title='bbox 280 2213 440 2274; x_wconf 88' lang='lat' dir='ltr'>negat</span> <span class='ocrx_word' id='word_1_173' title='bbox 469 2203 570 2256; x_wconf 91' lang='lat' dir='ltr'>hoc</span> <span class='ocrx_word' id='word_1_174' title='bbox 599 2202 806 2266; x_wconf 88' lang='lat' dir='ltr'>Hister,</span> <span class='ocrx_word' id='word_1_175' title='bbox 839 2203 988 2256; x_wconf 88' lang='lat' dir='ltr'>euius</span> <span class='ocrx_word' id='word_1_176' title='bbox 1019 2212 1111 2255; x_wconf 91' lang='lat' dir='ltr'>tua</span> <span class='ocrx_word' id='word_1_177' title='bbox 1141 2202 1358 2255; x_wconf 86' lang='lat' dir='ltr'>dextera</span> <span class='ocrx_word' id='word_1_178' title='bbox 1388 2200 1659 2270; x_wconf 86' lang='lat' dir='ltr'>quondam</span> 
     </span>
     <span class='ocr_line' id='line_1_26' title="bbox 213 2272 1943 2344; baseline -0.001 -15"><span class='ocrx_word' id='word_1_179' title='bbox 213 2275 504 2329; x_wconf 86' lang='lat' dir='ltr'>Puniceam</span> <span class='ocrx_word' id='word_1_180' title='bbox 537 2272 728 2328; x_wconf 86' lang='lat' dir='ltr'>Getico</span> <span class='ocrx_word' id='word_1_181' title='bbox 759 2274 1016 2344; x_wconf 88' lang='lat' dir='ltr'>sanguine</span> <span class='ocrx_word' id='word_1_182' title='bbox 1046 2273 1171 2327; x_wconf 87' lang='lat' dir='ltr'>fecit</span> <span class='ocrx_word' id='word_1_183' title='bbox 1198 2291 1416 2342; x_wconf 86' lang='lat' dir='ltr'>aquam:</span> <span class='ocrx_word' id='word_1_184' title='bbox 1884 2288 1943 2328; x_wconf 83' lang='lat'>20</span> 
     </span>
     <span class='ocr_line' id='line_1_27' title="bbox 64 2344 1504 2416; baseline -0.003 -15"><span class='ocrx_word' id='word_1_185' title='bbox 64 2352 69 2358; x_wconf 73' lang='grc'>”</span> <span class='ocrx_word' id='word_1_186' title='bbox 142 2365 249 2401; x_wconf 94' lang='lat' dir='ltr'>non</span> <span class='ocrx_word' id='word_1_187' title='bbox 279 2354 441 2416; x_wconf 84' lang='lat' dir='ltr'>negat</span> <span class='ocrx_word' id='word_1_188' title='bbox 470 2345 723 2415; x_wconf 84' lang='lat' dir='ltr'>Aegisos,</span> <span class='ocrx_word' id='word_1_189' title='bbox 754 2362 890 2413; x_wconf 87' lang='lat' dir='ltr'>quae</span> <span class='ocrx_word' id='word_1_190' title='bbox 921 2354 971 2398; x_wconf 88' lang='lat' dir='ltr'>te</span> <span class='ocrx_word' id='word_1_191' title='bbox 1003 2344 1262 2398; x_wconf 87' lang='lat' dir='ltr'>subeunte</span> <span class='ocrx_word' id='word_1_192' title='bbox 1291 2353 1504 2414; x_wconf 87' lang='lat' dir='ltr'>recepta</span> 
     </span>
     <span class='ocr_line' id='line_1_28' title="bbox 217 2415 1244 2486; baseline -0.004 -15"><span class='ocrx_word' id='word_1_193' title='bbox 217 2418 375 2471; x_wconf 87' lang='lat' dir='ltr'>sensit</span> <span class='ocrx_word' id='word_1_194' title='bbox 406 2416 461 2469; x_wconf 91' lang='lat' dir='ltr'>in</span> <span class='ocrx_word' id='word_1_195' title='bbox 490 2416 703 2486; x_wconf 90' lang='lat' dir='ltr'>ingenio</span> <span class='ocrx_word' id='word_1_196' title='bbox 733 2416 807 2469; x_wconf 88' lang='lat' dir='ltr'>nil</span> <span class='ocrx_word' id='word_1_197' title='bbox 838 2415 951 2486; x_wconf 90' lang='lat' dir='ltr'>opis</span> <span class='ocrx_word' id='word_1_198' title='bbox 983 2435 1097 2470; x_wconf 88' lang='lat' dir='ltr'>esse</span> <span class='ocrx_word' id='word_1_199' title='bbox 1126 2415 1244 2469; x_wconf 91' lang='lat' dir='ltr'>loci.</span> 
     </span>
     <span class='ocr_line' id='line_1_29' title="bbox 69 2486 1518 2558; baseline -0.002 -15"><span class='ocrx_word' id='word_1_200' title='bbox 69 2487 82 2537; x_wconf 71' lang='grc' dir='ltr'>Ῐ</span> <span class='ocrx_word' id='word_1_201' title='bbox 143 2509 291 2552; x_wconf 79' lang='lat' dir='ltr'>narn,</span> <span class='ocrx_word' id='word_1_202' title='bbox 324 2487 568 2550; x_wconf 85' lang='lat' dir='ltr'>dubium,</span> <span class='ocrx_word' id='word_1_203' title='bbox 600 2486 775 2558; x_wconf 89' lang='lat' dir='ltr'>positu</span> <span class='ocrx_word' id='word_1_204' title='bbox 805 2487 992 2540; x_wconf 89' lang='lat' dir='ltr'>melius</span> <span class='ocrx_word' id='word_1_205' title='bbox 1023 2486 1241 2540; x_wconf 88' lang='lat' dir='ltr'>defensa</span> <span class='ocrx_word' id='word_1_206' title='bbox 1270 2505 1518 2550; x_wconf 89' lang='lat' dir='ltr'>manune,</span> 
     </span>
     <span class='ocr_line' id='line_1_30' title="bbox 60 2557 1440 2628; baseline -0.003 -15"><span class='ocrx_word' id='word_1_207' title='bbox 60 2566 62 2570; x_wconf 78' lang='grc'>’</span> <span class='ocrx_word' id='word_1_208' title='bbox 216 2559 341 2612; x_wconf 87' lang='lat' dir='ltr'>urbs</span> <span class='ocrx_word' id='word_1_209' title='bbox 372 2562 483 2612; x_wconf 85' lang='lat' dir='ltr'>erat</span> <span class='ocrx_word' id='word_1_210' title='bbox 511 2558 567 2612; x_wconf 92' lang='lat' dir='ltr'>in</span> <span class='ocrx_word' id='word_1_211' title='bbox 598 2576 804 2611; x_wconf 89' lang='lat' dir='ltr'>summo</span> <span class='ocrx_word' id='word_1_212' title='bbox 834 2557 1065 2611; x_wconf 91' lang='lat' dir='ltr'>nubibus</span> <span class='ocrx_word' id='word_1_213' title='bbox 1097 2576 1267 2626; x_wconf 89' lang='lat' dir='ltr'>aequa</span> <span class='ocrx_word' id='word_1_214' title='bbox 1297 2557 1440 2628; x_wconf 88' lang='lat' dir='ltr'>iug0.</span> 
     </span>
    </p>

    <p class='ocr_par' dir='ltr' id='par_1_12' title="bbox 8 2628 1944 2771">
     <span class='ocr_line' id='line_1_31' title="bbox 62 2628 1944 2700; baseline -0.001 -14"><span class='ocrx_word' id='word_1_215' title='bbox 62 2684 65 2686; x_wconf 76' lang='grc'>,</span> <span class='ocrx_word' id='word_1_216' title='bbox 145 2629 388 2686; x_wconf 85' lang='lat' dir='ltr'>Sithonio</span> <span class='ocrx_word' id='word_1_217' title='bbox 418 2629 533 2700; x_wconf 89' lang='lat' dir='ltr'>regi</span> <span class='ocrx_word' id='word_1_218' title='bbox 561 2629 704 2683; x_wconf 88' lang='lat' dir='ltr'>ferus</span> <span class='ocrx_word' id='word_1_219' title='bbox 734 2629 1081 2699; x_wconf 87' lang='lat' dir='ltr'>interceperat</span> <span class='ocrx_word' id='word_1_220' title='bbox 1110 2628 1255 2681; x_wconf 89' lang='lat' dir='ltr'>illam</span> <span class='ocrx_word' id='word_1_221' title='bbox 1887 2644 1944 2684; x_wconf 80' lang='lat'>25</span> 
     </span>
     <span class='ocr_line' id='line_1_32' title="bbox 8 2700 1336 2771; baseline -0.002 -17"><span class='ocrx_word' id='word_1_222' title='bbox 8 2700 11 2717; x_wconf 86' lang='lat'><em>¹</em></span> <span class='ocrx_word' id='word_1_223' title='bbox 54 2756 60 2759; x_wconf 66' lang='grc'>,</span> <span class='ocrx_word' id='word_1_224' title='bbox 214 2701 379 2754; x_wconf 90' lang='lat' dir='ltr'>hostis</span> <span class='ocrx_word' id='word_1_225' title='bbox 410 2709 463 2754; x_wconf 89' lang='lat' dir='ltr'>et</span> <span class='ocrx_word' id='word_1_226' title='bbox 492 2709 699 2771; x_wconf 86' lang='lat' dir='ltr'>ereptas</span> <span class='ocrx_word' id='word_1_227' title='bbox 729 2700 897 2754; x_wconf 88' lang='lat' dir='ltr'>victor</span> <span class='ocrx_word' id='word_1_228' title='bbox 926 2700 1154 2754; x_wconf 87' lang='lat' dir='ltr'>habebat</span> <span class='ocrx_word' id='word_1_229' title='bbox 1187 2718 1336 2770; x_wconf 88' lang='lat' dir='ltr'>opes:</span> 
     </span>
    </p>

    <p class='ocr_par' dir='ltr' id='par_1_13' title="bbox 36 2770 1325 2983">
     <span class='ocr_line' id='line_1_33' title="bbox 145 2770 1292 2826; baseline -0.003 -1"><span class='ocrx_word' id='word_1_230' title='bbox 145 2773 312 2825; x_wconf 88' lang='lat' dir='ltr'>donec</span> <span class='ocrx_word' id='word_1_231' title='bbox 342 2770 592 2824; x_wconf 88' lang='lat' dir='ltr'>fluminea</span> <span class='ocrx_word' id='word_1_232' title='bbox 622 2771 842 2825; x_wconf 88' lang='lat' dir='ltr'>devecta</span> <span class='ocrx_word' id='word_1_233' title='bbox 871 2771 1117 2826; x_wconf 89' lang='lat' dir='ltr'>Vitellius</span> <span class='ocrx_word' id='word_1_234' title='bbox 1148 2771 1292 2823; x_wconf 90' lang='lat' dir='ltr'>unda</span> 
     </span>
     <span class='ocr_line' id='line_1_34' title="bbox 215 2840 1289 2911; baseline -0.003 -15.571"><span class='ocrx_word' id='word_1_235' title='bbox 215 2842 415 2903; x_wconf 89' lang='lat' dir='ltr'>intulit,</span> <span class='ocrx_word' id='word_1_236' title='bbox 449 2841 684 2911; x_wconf 87' lang='lat' dir='ltr'>exposito</span> <span class='ocrx_word' id='word_1_237' title='bbox 715 2842 904 2904; x_wconf 89' lang='lat' dir='ltr'>milite,</span> <span class='ocrx_word' id='word_1_238' title='bbox 937 2841 1088 2910; x_wconf 89' lang='lat' dir='ltr'>signa</span> <span class='ocrx_word' id='word_1_239' title='bbox 1119 2840 1289 2894; x_wconf 88' lang='lat' dir='ltr'>Getis.</span> 
     </span>
     <span class='ocr_line' id='line_1_35' title="bbox 62 2911 1325 2983; baseline -0.003 -16"><span class='ocrx_word' id='word_1_240' title='bbox 62 2936 66 2940; x_wconf 91' lang='lat'>·</span> <span class='ocrx_word' id='word_1_241' title='bbox 145 2923 200 2967; x_wconf 87' lang='lat' dir='ltr'>at</span> <span class='ocrx_word' id='word_1_242' title='bbox 230 2913 350 2975; x_wconf 91' lang='lat' dir='ltr'>tibi,</span> <span class='ocrx_word' id='word_1_243' title='bbox 381 2912 660 2983; x_wconf 88' lang='lat' dir='ltr'>progenies</span> <span class='ocrx_word' id='word_1_244' title='bbox 691 2911 782 2965; x_wconf 89' lang='lat' dir='ltr'>alti</span> <span class='ocrx_word' id='word_1_245' title='bbox 811 2911 1098 2964; x_wconf 87' lang='lat' dir='ltr'>fortissima</span> <span class='ocrx_word' id='word_1_246' title='bbox 1126 2911 1325 2973; x_wconf 91' lang='lat' dir='ltr'>Donni,</span> 
     </span>
    </p>

    <p class='ocr_par' dir='ltr' id='par_1_14' title="bbox 145 2981 1945 3124">
     <span class='ocr_line' id='line_1_36' title="bbox 217 2981 1945 3052; baseline -0.001 -15"><span class='ocrx_word' id='word_1_247' title='bbox 217 2983 362 3038; x_wconf 89' lang='lat' dir='ltr'>venit</span> <span class='ocrx_word' id='word_1_248' title='bbox 391 2983 446 3035; x_wconf 89' lang='lat' dir='ltr'>in</span> <span class='ocrx_word' id='word_1_249' title='bbox 478 2983 726 3036; x_wconf 88' lang='lat' dir='ltr'>adversos</span> <span class='ocrx_word' id='word_1_250' title='bbox 755 2982 982 3052; x_wconf 90' lang='lat' dir='ltr'>impetus</span> <span class='ocrx_word' id='word_1_251' title='bbox 1011 2982 1087 3035; x_wconf 87' lang='lat' dir='ltr'>ire</span> <span class='ocrx_word' id='word_1_252' title='bbox 1117 2981 1272 3034; x_wconf 90' lang='lat' dir='ltr'>viros.</span> <span class='ocrx_word' id='word_1_253' title='bbox 1888 2998 1945 3038; x_wconf 86' lang='lat'>30</span> 
     </span>
     <span class='ocr_line' id='line_1_37' title="bbox 145 3051 1545 3124; baseline -0.004 -14"><span class='ocrx_word' id='word_1_254' title='bbox 145 3073 244 3110; x_wconf 88' lang='lat' dir='ltr'>nec</span> <span class='ocrx_word' id='word_1_255' title='bbox 274 3073 446 3116; x_wconf 86' lang='lat' dir='ltr'>mora,</span> <span class='ocrx_word' id='word_1_256' title='bbox 478 3053 792 3124; x_wconf 89' lang='lat' dir='ltr'>conspicuus</span> <span class='ocrx_word' id='word_1_257' title='bbox 821 3053 979 3123; x_wconf 88' lang='lat' dir='ltr'>longe</span> <span class='ocrx_word' id='word_1_258' title='bbox 1010 3052 1337 3123; x_wconf 86' lang='lat' dir='ltr'>fulgentibus</span> <span class='ocrx_word' id='word_1_259' title='bbox 1369 3051 1545 3115; x_wconf 76' lang='lat' dir='ltr'>armiS,</span> 
     </span>
    </p>

    <p class='ocr_par' dir='ltr' id='par_1_15' title="bbox 14 3124 1947 3621">
     <span class='ocr_line' id='line_1_38' title="bbox 217 3124 1299 3195; baseline -0.002 -17"><span class='ocrx_word' id='word_1_260' title='bbox 217 3125 376 3179; x_wconf 85' lang='lat' dir='ltr'>fortia</span> <span class='ocrx_word' id='word_1_261' title='bbox 403 3143 470 3178; x_wconf 91' lang='lat' dir='ltr'>ne</span> <span class='ocrx_word' id='word_1_262' title='bbox 500 3125 703 3195; x_wconf 87' lang='lat' dir='ltr'>possint</span> <span class='ocrx_word' id='word_1_263' title='bbox 731 3124 873 3178; x_wconf 88' lang='lat' dir='ltr'>facta</span> <span class='ocrx_word' id='word_1_264' title='bbox 902 3125 1090 3186; x_wconf 90' lang='lat' dir='ltr'>latere,</span> <span class='ocrx_word' id='word_1_265' title='bbox 1126 3142 1299 3186; x_wconf 89' lang='lat' dir='ltr'>caves,</span> 
     </span>
     <span class='ocr_line' id='line_1_39' title="bbox 71 3194 1512 3268; baseline -0.001 -19"><span class='ocrx_word' id='word_1_266' title='bbox 71 3247 73 3249; x_wconf 74' lang='grc'><strong>,</strong></span> <span class='ocrx_word' id='word_1_267' title='bbox 146 3196 454 3268; x_wconf 85' lang='lat' dir='ltr'>ingentique</span> <span class='ocrx_word' id='word_1_268' title='bbox 484 3196 656 3266; x_wconf 89' lang='lat' dir='ltr'>gradu</span> <span class='ocrx_word' id='word_1_269' title='bbox 686 3204 867 3249; x_wconf 88' lang='lat' dir='ltr'>contra</span> <span class='ocrx_word' id='word_1_270' title='bbox 896 3194 1200 3263; x_wconf 87' lang='lat' dir='ltr'>ferrumque</span> <span class='ocrx_word' id='word_1_271' title='bbox 1229 3194 1512 3262; x_wconf 89' lang='lat' dir='ltr'>locumque</span> 
     </span>
     <span class='ocr_line' id='line_1_40' title="bbox 50 3265 1370 3337; baseline -0.003 -16"><span class='ocrx_word' id='word_1_272' title='bbox 50 3322 52 3327; x_wconf 71' lang='grc'>,</span> <span class='ocrx_word' id='word_1_273' title='bbox 221 3285 454 3337; x_wconf 85' lang='lat' dir='ltr'>saxaque</span> <span class='ocrx_word' id='word_1_274' title='bbox 485 3267 711 3321; x_wconf 89' lang='lat' dir='ltr'>brumali</span> <span class='ocrx_word' id='word_1_275' title='bbox 740 3266 996 3337; x_wconf 86' lang='lat' dir='ltr'>grandine</span> <span class='ocrx_word' id='word_1_276' title='bbox 1025 3266 1178 3336; x_wconf 88' lang='lat' dir='ltr'>plura</span> <span class='ocrx_word' id='word_1_277' title='bbox 1207 3265 1370 3318; x_wconf 76' lang='lat' dir='ltr'>subis·</span> 
     </span>
     <span class='ocr_line' id='line_1_41' title="bbox 14 3337 1947 3408; baseline -0.001 -15"><span class='ocrx_word' id='word_1_278' title='bbox 14 3350 19 3357; x_wconf 88' lang='lat'><em>&#39;</em></span> <span class='ocrx_word' id='word_1_279' title='bbox 64 3339 77 3370; x_wconf 66' lang='lat'>&#39;²</span> <span class='ocrx_word' id='word_1_280' title='bbox 149 3356 247 3393; x_wconf 87' lang='lat' dir='ltr'>nec</span> <span class='ocrx_word' id='word_1_281' title='bbox 277 3347 329 3392; x_wconf 89' lang='lat' dir='ltr'>te</span> <span class='ocrx_word' id='word_1_282' title='bbox 358 3338 520 3392; x_wconf 88' lang='lat' dir='ltr'>missa</span> <span class='ocrx_word' id='word_1_283' title='bbox 550 3357 708 3408; x_wconf 87' lang='lat' dir='ltr'>super</span> <span class='ocrx_word' id='word_1_284' title='bbox 736 3337 1027 3391; x_wconf 88' lang='lat' dir='ltr'>iaculorum</span> <span class='ocrx_word' id='word_1_285' title='bbox 1057 3337 1214 3390; x_wconf 85' lang='lat' dir='ltr'>turba</span> <span class='ocrx_word' id='word_1_286' title='bbox 1242 3345 1493 3399; x_wconf 90' lang='lat' dir='ltr'>moratur,</span> <span class='ocrx_word' id='word_1_287' title='bbox 1891 3353 1947 3392; x_wconf 82' lang='lat'>35</span> 
     </span>
     <span class='ocr_line' id='line_1_42' title="bbox 223 3407 1346 3480; baseline -0.002 -18"><span class='ocrx_word' id='word_1_288' title='bbox 223 3427 325 3462; x_wconf 89' lang='lat' dir='ltr'>nec</span> <span class='ocrx_word' id='word_1_289' title='bbox 355 3426 492 3478; x_wconf 86' lang='lat' dir='ltr'>quae</span> <span class='ocrx_word' id='word_1_290' title='bbox 522 3409 735 3480; x_wconf 87' lang='lat' dir='ltr'>vipereo</span> <span class='ocrx_word' id='word_1_291' title='bbox 765 3409 871 3463; x_wconf 87' lang='lat' dir='ltr'>tela</span> <span class='ocrx_word' id='word_1_292' title='bbox 900 3425 1084 3463; x_wconf 87' lang='lat' dir='ltr'>cruore</span> <span class='ocrx_word' id='word_1_293' title='bbox 1114 3407 1346 3462; x_wconf 87' lang='lat' dir='ltr'>madent.</span> 
     </span>
     <span class='ocr_line' id='line_1_43' title="bbox 44 3477 1472 3551; baseline -0.001 -17"><span class='ocrx_word' id='word_1_294' title='bbox 44 3503 77 3547; x_wconf 50' lang='grc' dir='ltr'><em>γ</em></span> <span class='ocrx_word' id='word_1_295' title='bbox 154 3479 355 3551; x_wconf 87' lang='lat' dir='ltr'>spicula</span> <span class='ocrx_word' id='word_1_296' title='bbox 384 3497 504 3533; x_wconf 92' lang='lat' dir='ltr'>cum</span> <span class='ocrx_word' id='word_1_297' title='bbox 534 3480 688 3550; x_wconf 89' lang='lat' dir='ltr'>pictis</span> <span class='ocrx_word' id='word_1_298' title='bbox 718 3479 937 3534; x_wconf 86' lang='lat' dir='ltr'>haerent</span> <span class='ocrx_word' id='word_1_299' title='bbox 964 3479 1021 3532; x_wconf 93' lang='lat' dir='ltr'>in</span> <span class='ocrx_word' id='word_1_300' title='bbox 1050 3478 1252 3533; x_wconf 90' lang='lat' dir='ltr'>casside</span> <span class='ocrx_word' id='word_1_301' title='bbox 1282 3477 1472 3549; x_wconf 90' lang='lat' dir='ltr'>pinnis,</span> 
     </span>
     <span class='ocr_line' id='line_1_44' title="bbox 46 3550 1382 3621; baseline 0 -18"><span class='ocrx_word' id='word_1_302' title='bbox 46 3572 53 3579; x_wconf 88' lang='lat'>·</span> <span class='ocrx_word' id='word_1_303' title='bbox 226 3567 455 3621; x_wconf 87' lang='lat' dir='ltr'>parsque</span> <span class='ocrx_word' id='word_1_304' title='bbox 483 3550 595 3605; x_wconf 86' lang='lat' dir='ltr'>fere</span> <span class='ocrx_word' id='word_1_305' title='bbox 625 3551 760 3605; x_wconf 86' lang='lat' dir='ltr'>scuti</span> <span class='ocrx_word' id='word_1_306' title='bbox 788 3551 1007 3606; x_wconf 84' lang='lat' dir='ltr'>vulnere</span> <span class='ocrx_word' id='word_1_307' title='bbox 1036 3550 1183 3605; x_wconf 85' lang='lat' dir='ltr'>nulla</span> <span class='ocrx_word' id='word_1_308' title='bbox 1211 3558 1382 3604; x_wconf 86' lang='lat' dir='ltr'>vacat.</span> 
     </span>
    </p>

    <p class='ocr_par' dir='ltr' id='par_1_16' title="bbox 1506 3632 1589 3676">
     <span class='ocr_line' id='line_1_45' title="bbox 1506 3632 1589 3676; baseline 0 0"><span class='ocrx_word' id='word_1_309' title='bbox 1506 3632 1589 3676; x_wconf 78' lang='lat'>18*</span> 
     </span>
    </p>
   </div>
   <div class='ocr_carea' id='block_1_5' title="bbox 0 0 121 3906">
    <p class='ocr_par' dir='ltr' id='par_1_17' title="bbox 0 0 121 3906">
     <span class='ocr_line' id='line_1_46' title="bbox 0 0 121 3906; baseline 0 0"><span class='ocrx_word' id='word_1_310' title='bbox 0 0 121 3906; x_wconf 95' lang='lat' dir='ltr'> </span> 
     </span>
    </p>
   </div>
  </div>
 </body>
</html>
