2158 3906
331 345 440 399 290
887 355 944 400 P.
976 354 1183 401 OVIDII
1212 354 1484 403 NASONIS

809 853 1567 927 HALIEUTIOA.

335 1092 561 1167 Accepit
589 1092 819 1146 mundus
849 1093 1039 1164 legem.
1114 1093 1260 1147 dedit
1289 1113 1436 1148 arma
1465 1113 1560 1165 per
1588 1112 1788 1159 omnes,

338 1163 714 1231 admonuitque
745 1165 843 1217 sui.
918 1165 1114 1218 vitulus
1145 1166 1221 1218 sic
1250 1183 1482 1234 namque
1511 1165 1758 1229 minatur,

337 1235 426 1302 qui
455 1235 690 1287 nondum
720 1236 856 1304 gerit
884 1235 939 1288 in
967 1244 1150 1290 tenera
1178 1236 1285 1288 iam
1315 1253 1512 1289 cornua
1539 1234 1730 1299 fronte,

336 1306 411 1357 sic
443 1305 683 1359 dammae
714 1307 951 1376 fugiunt,
981 1316 1223 1377 pugnant
1253 1307 1447 1360 virtute
1475 1308 1654 1362 leones

280 1392 305 1431 5
338 1385 389 1429 et
419 1394 598 1429 morsu
629 1377 772 1430 canis
804 1387 856 1430 et
886 1378 1087 1431 caudae
1118 1378 1194 1431 sic
1225 1378 1462 1448 scorpius
1492 1378 1618 1441 ictu,

338 1448 709 1515 concussisque
739 1448 870 1501 levis
901 1449 1074 1518 pinnis
1108 1450 1183 1502 sic
1214 1450 1388 1502 evolat
1419 1450 1541 1502 ales·

337 1518 581 1570 omnibus
611 1519 824 1588 ignotae
855 1520 1036 1572 mortis
1067 1520 1246 1583 timor,
1280 1520 1524 1573 omnibus
1555 1521 1760 1574 hostem

336 1588 764 1658 praesidiumque
795 1590 977 1642 datum
1008 1591 1201 1644 sentire
1233 1600 1284 1644 et
1311 1609 1528 1644 noscere
1557 1592 1647 1645 teli

336 1659 549 1741 vimque
578 1661 900 1729 modumque
930 1661 1013 1714 sui
1042 1672 1128 1714 est.
1189 1661 1264 1715 sic
1294 1671 1347 1715 et
1377 1681 1557 1715 scarus
1589 1672 1699 1716 arte
1730 1662 1830 1716 sub
1859 1664 2018 1718 undis

253 1748 306 1786 10
338 1750 381 1781 Sl
411 1750 446 1782 n
465 1770 679 1783 .......

338 1801 530 1853 decidit
560 1801 945 1871 adsumptaque
976 1803 1097 1855 dolo
1127 1803 1341 1857 tandem
1371 1813 1531 1873 pavet
1562 1823 1699 1867 esca,

336 1890 442 1923 non
474 1872 634 1925 audet
661 1873 822 1924 radiis
854 1873 1050 1925 obnixa
1079 1890 1353 1926 occurrere
1384 1874 1574 1935 fronte,

338 1961 553 1995 aversus
585 1943 769 1996 crebro
799 1943 977 1996 vimen
1007 1943 1102 1996 sed
1132 1943 1351 1997 verbere
1382 1945 1583 1997 caudae

336 2014 521 2066 laxans
552 2014 914 2082 subsequitur,
944 2023 1224 2084 tutumque
1256 2015 1433 2068 evadit
1461 2016 1515 2067 in
1546 2034 1757 2084 aequor.

254 2100 304 2139 15
337 2084 464 2152 quin
495 2085 652 2137 etiam
683 2085 728 2137 si
757 2084 892 2138 forte
923 2085 1113 2154 aliquis
1123 2091 1137 2148 ,'
1169 2086 1297 2138 dum
1326 2096 1622 2156 praenatat,
1655 2098 1768 2140 arto

336 2155 475 2207 mitis
505 2155 793 2208 luctantem
825 2174 1005 2209 scarus
1035 2157 1177 2209 hunc
1207 2157 1262 2209 in
1291 2157 1486 2211 vimine
1516 2157 1664 2221 vidit,

337 2226 507 2279 aversi
539 2227 763 2279 caudam
791 2245 970 2280 morsu
1001 2237 1143 2282 tenet
1173 2237 1333 2297 atque
1365 2228 1524 2282 citato

336 2297 580 2360 verbere,
613 2307 820 2351 servato
852 2316 1011 2367 quem
1041 2299 1172 2352 texit
1203 2299 1342 2361 cive,
1372 2301 1606 2353 resultat.

337 2368 482 2438 sepia
512 2369 663 2421 tarda
692 2369 878 2439 fugae,
908 2370 1054 2423 tenui
1084 2388 1206 2423 cum
1235 2369 1370 2423 forte
1401 2371 1500 2424 sub
1531 2371 1676 2424 unda

252 2455 305 2493 20
338 2440 596 2508 deprensa
626 2450 727 2502 est,
758 2440 1076 2509 iamiamque
1107 2460 1294 2494 manus
1325 2441 1474 2494 timet
1503 2442 1592 2494 illa
1621 2442 1845 2513 rapacis,

335 2510 571 2563 inficiens
603 2529 800 2578 aequor
830 2511 1041 2580 nigrum
1071 2512 1236 2564 vomit
1265 2512 1401 2564 ilicet
1431 2531 1652 2565 umorem

338 2581 631 2649 avertitque
662 2581 775 2633 vias
807 2583 988 2634 oculos
1017 2582 1268 2634 frustrata
1298 2583 1580 2650 sequentis.

338 2651 547 2704 clausus
578 2660 687 2704 rete
718 2653 899 2722 lupus,
931 2654 1173 2720 quamvis
1203 2653 1400 2705 inmitis
1431 2663 1483 2707 et
1513 2672 1650 2717 acer,

338 2722 547 2776 dimotis
580 2723 749 2776 cauda
779 2723 1070 2776 submissus
1103 2723 1223 2776 sidit
1254 2724 1479 2777 harenis.

253 2808 305 2847 25
1225 2795 1280 2847 in
1311 2814 1466 2848 auras

338 2862 527 2916 emicat
557 2874 714 2933 atque
746 2864 893 2918 dolos
925 2866 1062 2918 saltu
1094 2866 1294 2919 deludit
1323 2866 1538 2919 inultus.

337 2945 389 2987 et
418 2953 638 2987 murena
668 2936 838 3000 ferox,
869 2937 1046 2989 teret-is
1078 2937 1178 2989 sibi
1208 2937 1419 2990 conscia
1447 2937 1600 3007 tergi,

336 3005 404 3057 ad
434 3006 609 3058 laxata
638 3008 807 3077 magis
839 3007 1027 3060 conixa
1056 3008 1315 3061 foramina
1343 3008 1465 3062 retis

335 3076 551 3128 tandem
581 3096 676 3147 per
704 3079 896 3131 multos
929 3078 1104 3131 evadit
1133 3079 1339 3132 lubrica
1367 3080 1536 3132 flexus

251 3164 305 3203 30
338 3148 683 3216 exemploque
713 3168 909 3203 nocens
941 3150 1141 3202 cunctis
1171 3150 1271 3203 iter
1299 3150 1499 3204 invenit
1527 3169 1648 3202 una.

337 3227 389 3270 at
421 3227 601 3271 contra
632 3221 859 3289 scopulis
892 3221 1073 3272 crinali
1104 3239 1322 3290 corpore
1353 3221 1529 3290 segnis

336 3288 561 3358 polypus
593 3289 774 3343 haeret
805 3300 856 3343 et
887 3290 986 3343 hac
1017 3291 1181 3343 eludit
1209 3292 1341 3344 retia
1370 3291 1572 3353 fraude,

337 3368 388 3411 et
419 3359 517 3411 sub
547 3360 665 3429 lege
695 3362 797 3414 loci
828 3361 986 3413 sumit
1014 3371 1288 3429 mutatque
1320 3362 1564 3424 colorem,

337 3449 543 3499 semper
573 3431 621 3483 ei
653 3431 833 3484 similis
865 3449 1021 3499 quem
1053 3432 1287 3501 contigit.
1363 3442 1520 3501 atque
1551 3432 1644 3486 ubi
1674 3433 1924 3504 praedam

251 3517 303 3556 35
337 3501 654 3571 pendentem
686 3502 841 3556 saetis
873 3502 1058 3555 avidus
1090 3503 1249 3572 rapit,
1282 3503 1366 3556 hic
1397 3521 1608 3572 quoque
1639 3505 1790 3569 fallit,
