2158 3906
536 352 884 400 FASTORUM
914 353 1034 397 LIB.
1070 353 1125 399 V.
1158 351 1399 398 657—734.
1756 341 1826 393 97

114 454 465 512 ‘abstulerant
493 465 671 524 raptas
703 454 959 508 Phoeben
990 455 1341 523 Phoebesque
1372 472 1607 507 sororem

186 524 524 597 Tyndaridae
555 526 769 589 fratres,
802 525 885 578 hic
917 544 1103 594 eques,
1135 526 1221 578 ille
1254 525 1418 596 pugil.
1860 542 1943 581 700

115 597 254 652 bella
282 605 470 667 parant
499 605 849 666 repetuntque
882 615 1003 649 suas
1035 606 1088 650 et
1118 597 1279 649 frater
1309 607 1361 650 et
1393 596 1531 659 Idas,

186 666 463 737 Leucippo
494 666 606 720 fieri
637 675 823 736 pactus
855 676 1078 736 uterque
1107 686 1287 737 gener.

112 737 196 792 his
227 755 394 799 amor,
426 745 485 790 ut
515 746 777 807 repetant,
809 738 935 800 illis,
966 748 1025 791 ut
1056 738 1274 792 reddere
1305 738 1488 802 nolint,

187 807 395 862 suadet=
428 816 480 861 et
510 826 575 861 ex
607 827 767 861 causa
796 819 1000 878 pugnat
1030 818 1251 878 uterque
1282 810 1412 879 pari.

109 879 351 950 effugere
383 876 679 941 Oebalidae
711 897 865 932 cursu
898 889 1116 950 potuere
1148 890 1450 948 sequentes:
1860 897 1941 936 705

187 949 281 1005 sed
311 949 483 1003 visum
515 950 672 1004 celeri
702 950 910 1004 vincere
943 959 1096 1021 turpe
1127 950 1273 1021 fuga.

110 1021 248 1076 liber
277 1020 346 1074 ab
377 1020 651 1075 arboribus
681 1021 828 1074 locus
860 1030 962 1084 est,
995 1030 1117 1092 apta
1149 1041 1272 1075 area
1301 1041 1535 1092 pugnae:

186 1091 525 1146 constiterant
553 1091 643 1146 illo
672 1121 745 1131 —
771 1111 965 1146 nomen
996 1093 1250 1163 Aphidna
1279 1122 1349 1130 —
1379 1094 1510 1146 loco,

0 1162 1 1176 ¹
51 1143 54 1147 ¹
109 1172 328 1235 pectora
356 1162 604 1217 traiectus
635 1163 854 1233 Lynceo
887 1161 1079 1217 Castor
1107 1163 1175 1216 ab
1206 1182 1330 1216 ense

185 1252 291 1287 non
321 1243 595 1304 expectato
627 1235 838 1287 volnere
869 1234 1058 1303 pressit
1087 1233 1324 1286 humum.
1860 1252 1943 1291 710

2 1363 3 1371 ἵ
61 1312 65 1313 ’
109 1305 253 1359 ultor
282 1304 432 1359 adest
461 1303 656 1358 Pollux
687 1313 740 1357 et
768 1303 990 1374 Lyncea
1020 1304 1253 1374 perforat
1285 1303 1450 1367 hasta,

185 1393 292 1445 qua
321 1374 498 1429 cervix
528 1392 738 1427 umeros
771 1374 1075 1427 continuata
1106 1374 1310 1444 premit.

112 1446 226 1501 ibat
255 1445 309 1499 in
339 1445 481 1498 hunc
510 1445 636 1498 Idas
666 1445 862 1514 vixque
894 1454 974 1498 est
1003 1445 1147 1497 Iovis
1178 1445 1300 1515 igne
1333 1447 1599 1517 repulsus:

185 1516 290 1571 tela
317 1524 495 1570 tamen
525 1516 741 1569 dextrae
771 1516 992 1569 fulmine
1024 1534 1080 1568 ra
1122 1525 1175 1568 ta
1205 1527 1418 1586 negant.

111 1588 323 1658 iamque
352 1586 471 1651 tibi,
502 1586 722 1650 Pollux,
754 1588 959 1641 caelum
991 1586 1090 1640 sub
1114 1587 1214 1641 ime
1246 1588 1478 1657 patebat,
1769 1639 1776 1647 ,
1860 1606 1940 1645 715

185 1676 307 1712 cum
337 1657 537 1712 “mea”
569 1657 747 1711 dixisti
779 1658 1033 1729 “percipe
1064 1658 1252 1720 verba,
1300 1658 1455 1712 interl
1528 1663 1534 1670 '

111 1729 256 1800 quod
285 1728 414 1782 mihi
444 1729 538 1782 das
569 1729 661 1782 uni
693 1729 921 1793 caelum,
955 1729 1149 1800 partire
1180 1729 1287 1782 duo
1327 1748 1413 1783 us:

151 1829 158 1834 ν
186 1800 460 1854 dimidium
491 1809 602 1853 toto
633 1819 851 1854 munere
883 1801 1053 1853 maius
1085 1800 1235 1853 erit.'’

110 1870 247 1925 dixit
276 1880 328 1925 et
358 1871 559 1925 alterna
588 1871 805 1925 fratrem
836 1871 1060 1925 statione
1091 1871 1327 1925 redemit.

183 1942 310 1996 utile
341 1942 594 1996 sollicitae
624 1942 770 1996 sidus
800 1951 1085 2012 utrumque
1116 1942 1250 1996 rati.'
1858 1962 1941 2001 720

110 2083 206 2136 Ad
234 2083 426 2136 Ianum
455 2084 651 2148 redeat,
683 2084 776 2153 qui
805 2084 1027 2153 quaerit,
1056 2085 1274 2155 Agonia
1303 2085 1430 2155 quid
1462 2087 1588 2139 sint:
1718 2083 1793 2127 21.
1827 2085 1871 2128 Ε

100 2204 102 2222 ³
185 2171 322 2223 quae
346 2163 524 2208 tamen
546 2154 602 2208 in
624 2154 773 2208 fastis
797 2154 898 2209 hoc
921 2173 1134 2225 quoque
1159 2165 1367 2227 tempus
1391 2156 1604 2211 habent..
1631 2142 1842 2186 AGON
1847 2164 1855 2173 ·
1868 2143 1943 2186 Μ)

111 2294 282 2350 Nocte
312 2304 564 2365 sequente
595 2296 734 2349 diem
766 2298 909 2351 canis
939 2296 1260 2368 Erigoneius
1292 2298 1421 2351 exit:
1731 2297 1813 2342 22·
1845 2299 1943 2343 FN

183 2375 263 2420 est
293 2366 396 2420 alio
426 2367 565 2438 signi
594 2367 798 2421 reddita
828 2386 989 2421 causa
1017 2369 1150 2422 loco.

10 2514 14 2575 ᾗ
111 2507 365 2563 Proxima
393 2508 619 2563 Volcani
647 2510 739 2562 lux
771 2519 873 2563 est:
905 2509 1234 2563 Tubilustria
1264 2511 1461 2564 dicunt.
1506 2508 1587 2555 23·
1622 2511 1665 2556 G
1696 2512 1946 2556 TVB-N’

181 2580 470 2633 lustrantur
498 2598 688 2651 purae,
719 2599 850 2650 quas
882 2581 1009 2634 facit
1037 2582 1147 2645 ille,
1179 2582 1355 2635 tubae.
1855 2602 1935 2641 720

109 2719 378 2788 Quattuor
405 2721 529 2776 inde
558 2722 696 2775 notis
726 2723 873 2776 locus
905 2733 1007 2787 est,
1039 2724 1231 2792 quibus
1264 2724 1445 2778 ordine
1476 2726 1623 2779 lectis
1675 2723 1756 2767 24·
1790 2727 1934 2775 H-Q-

181 2792 266 2846 vel
295 2809 410 2846 mos
441 2810 710 2846 sacrorum
739 2794 824 2846 vel
854 2794 984 2864 fuga
1013 2795 1153 2865 regis
1184 2794 1335 2848 inest.
1717 2782 1901 2825 R·C·F

111 2932 226 2987 Nec
254 2942 306 2987 te
336 2942 631 3004 praetere0,
661 2934 845 3005 populi
874 2935 1114 2988 Fortuna
1143 2936 1371 3005 potentis
1736 2937 1815 2980 20‘-
1850 2940 1942 2982 AC

181 3004 550 3088 Public-tanoni
579 3006 835 3088 templum
865 3006 1266 3089 luce-sequente
1297 3006 1479 3089 datum
1510 3016 1604 3061 est.
1735 2994 1815 3094 ἐξ·
1847 2997 1941 3096 [gg

111 3073 248 3129 hanc
277 3075 371 3129 ubi
401 3075 548 3130 dives
580 3094 731 3145 aqu1s
762 3087 1024 3147 aecepemt
1053 3077 1395 3147 Amphltrlte,
1733 3085 1817 3151 281
1844 3110 1942 3153 DC

247 3154 336 3200 ata
363 3146 481 3200 Iovi
509 3147 689 3201 fulvae
717 3157 888 3200 rostra
918 3148 1121 3201 videbis
1152 3148 1280 3200 avie.
1696 3164 1700 3166 ’
1735 3164 1815 3208 29.
1850 3166 1943 3209 ΕΟ

21 3279 23 3282 ,
110 3235 147 3269 a
208 3226 318 3271 eret
346 3235 413 3271 ex
443 3218 608 3271 oculis
637 3218 855 3271 veniens
887 3219 1099 3272 Aurora
1128 3219 1353 3283 Booten,
1736 3222 1818 3265 30.
1854 3223 1898 3264 F
1905 3225 1942 3266 C

21 3291 23 3294 ’
185 3286 535 3359 continuaque
566 3289 650 3343 die
681 3289 826 3343 sidus
858 3289 1089 3360 Hyantis
1121 3290 1232 3343 erit.
1733 3277 1811 3322 31·
1849 3279 1942 3324 GC

203 3580 314 3619 Ovidis·
333 3583 395 3619 vol.
411 3583 482 3618 ΙΙΙ.
1512 3587 1537 3630 7
