2158 3906
553 310 1013 386 'rmsrmm'mn
1048 340 1085 384 1.
1117 340 1154 397 1,
1187 341 1397 385 33-120.

79 434 83 439 ’
126 460 227 498 nec
256 441 438 512 procul
469 460 500 494 a
531 441 750 494 stabulis
782 442 942 494 audet
972 442 1265 503 discedere,
1296 442 1477 510 siqua

201 531 422 566 excussa
452 519 531 565 est
561 512 702 564 avidi
734 512 978 564 dentibus
1010 532 1148 582 agna
1178 513 1305 583 lupi.

129 581 624 637 vitarettPhae'thon
655 583 882 644 caelum,
915 583 959 635 si
990 583 1213 646 viveret,
1245 595 1296 637 et
1326 601 1460 652 quos

201 662 406 724 optarat
436 652 619 716 stulte,
649 663 867 723 tangere
898 654 1057 707 nollet
1089 673 1270 723 equos.

129 743 215 778 me
245 741 479 792 quoque,
512 742 648 792 quae
678 724 842 787 sensi,
874 724 1044 778 fateor
1074 725 1216 778 [ovis
1247 744 1393 779 arma
1422 725 1633 789 timere3

201 814 284 848 me
314 812 432 847 reor
458 793 676 857 infeste,
709 813 831 848 cum
861 805 1031 859 tonat,
1063 797 1186 850 ione
1217 797 1341 867 peti.

53 906 56 911 ·
125 866 449 935 quicumque
478 866 560 918 Ar
599 865 734 919 olica
763 866 828 920 de
859 867 1025 920 classe
1109 870 1338 937 apherea
1366 867 1520 937 fugit,

200 955 408 1007 semper
437 936 505 989 ab
589 937 789 990 uboicis
820 938 938 991 vela
967 948 1233 1007 retorquet
1264 938 1431 1006 aquis.

126 1016 183 1062 et
212 1026 330 1060 mea
361 1007 577 1071 cumba,
609 1009 771 1061 semel
802 1018 950 1061 vasta
980 1028 1229 1080 percussa
1259 1009 1505 1078 procella,

200 1078 372 1139 illum,
405 1096 510 1147 quo
540 1078 684 1132 laesa
713 1088 814 1141 est,
846 1078 1021 1132 horret
1052 1080 1194 1132 adire
1226 1080 1416 1133 locum.

125 1167 257 1219 ergo
288 1167 441 1212 cave,
471 1149 628 1211 liber,
659 1159 709 1203 et
740 1150 923 1202 timida
953 1150 1295 1220 circumspice
1326 1160 1518 1211 mente,

201 1230 253 1272 et
284 1219 408 1272 satis
439 1239 471 1272 a
500 1220 675 1273 media
705 1220 771 1272 sit
801 1221 893 1272 tibi
925 1221 1078 1290 plebe
1109 1220 1231 1289 legi.

125 1290 256 1343 dum
288 1289 419 1360 petit
446 1290 665 1343 infirmis
696 1290 916 1343 nimium
949 1291 1193 1343 sublimia
1224 1290 1395 1360 pinnis

199 1360 406 1423 Icarus,
436 1360 630 1413 Icariis
650 1361 864 1414 nomina
893 1361 1016 1414 fecit
1047 1361 1213 1429 aquis.
1244 1391 1313 1398 —

125 1430 343 1485 difficile
374 1439 453 1484 est
482 1439 658 1484 tamen
688 1431 810 1484 hinc
840 1431 997 1485 remis
1028 1432 1191 1484 utaris
1223 1450 1290 1483 an
1322 1449 1451 1484 aura

200 1502 395 1555 dicere:
428 1502 703 1555 consilium
734 1521 921 1570 resque
952 1503 1204 1570 locusque
1236 1501 1454 1555 dabunt.

125 1573 176 1627 si
203 1572 395 1644 poteris
426 1590 595 1626 vacuo
626 1572 785 1635 tradi,
819 1573 861 1625 si
893 1584 1082 1626 cuncta
1113 1573 1314 1626 videbis

199 1642 367 1706 mitia,
400 1643 444 1696 si
474 1643 610 1697 vires
640 1643 856 1713 fregerit
886 1644 963 1697 ira
994 1663 1138 1697 suas:
1330 1693 1339 1701 .

126 1715 175 1768 si
203 1713 321 1783 quis
353 1713 473 1778 erit,
503 1714 595 1783 qui
625 1724 676 1768 te
707 1714 1034 1768 dubitantem
1067 1725 1117 1768 et
1148 1714 1291 1768 adire
1324 1714 1596 1768 timentem

199 1784 394 1848 tradat,
425 1795 478 1839 et
507 1795 627 1839 ante
658 1795 833 1839 tamen
863 1805 1033 1856 pauca
1064 1786 1330 1854 loquatur:
1364 1785 1464 1838 adi.

125 1855 254 1910 luce
276 1855 416 1909 bona
445 1855 761 1925 dominoque
792 1867 882 1910 tuo
914 1857 1115 1911 felicior
1144 1857 1258 1926 ipso

200 1927 476 1997 pervenias
506 1927 629 1981 illuc
660 1938 709 1980 et
741 1929 881 1980 mala
910 1940 1087 1982 nostra
1118 1929 1277 1982 leves,

125 2016 358 2067 namque
390 2017 453 2051 ea
483 1998 566 2051 vel
595 2017 750 2052 nemo
782 1999 865 2052 vel
896 1999 986 2068 qui
1016 1999 1143 2052 mihi
1174 1999 1391 2051 vulnera
1422 1997 1549 2051 fecit

203 2069 344 2122 solus
374 2068 617 2122 Achilleo
648 2070 828 2123 tollere
859 2089 1004 2123 more
1035 2080 1222 2139 potest.

126 2148 335 2192 tantum
364 2157 432 2195 ne
461 2157 676 2203 noceas,
709 2140 835 2192 dum
865 2141 943 2192 vis
974 2140 1247 2210 prodesse,
1279 2139 1455 2192 videto
1485 2169 1559 2178 —-

200 2230 325 2262 nam
356 2229 476 2280 spes
508 2219 586 2263 est
617 2210 778 2263 animi
807 2221 986 2264 nostra
1016 2211 1201 2264 timore
1233 2211 1404 2263 minor
1432 2241 1507 2249 —

125 2298 372 2351 quaeque
402 2280 728 2350 quiescebat,
758 2301 824 2335 ne
856 2292 998 2334 mota
1027 2282 1286 2335 resaeviat
1314 2282 1408 2344 ira,

202 2361 253 2404 et
282 2369 483 2422 poenae
513 2361 571 2404 tu
601 2353 670 2404 sis
701 2352 866 2406 altera
896 2372 1078 2414 causa,
1111 2372 1254 2406 cave.

127 2441 252 2477 cum
281 2420 458 2476 tamen
486 2422 542 2475 in
570 2433 809 2476 nostrum
838 2423 1001 2477 fueris
1032 2424 1299 2494 penetrale
1330 2432 1590 2493 receptuS,

202 2493 588 2564 contigerisque
618 2503 786 2556 tuam,
819 2495 1009 2548 scrinia
1038 2514 1226 2565 parva,
1257 2494 1498 2548 domum:

127 2564 350 2635 aspicies
381 2563 487 2617 illic
517 2565 712 2634 positos
743 2584 810 2618 ex
840 2566 1022 2619 ordine
1053 2566 1258 2628 fratreS‚

201 2653 333 2704 quos
364 2635 596 2688 studium
627 2646 842 2690 cunctos
873 2637 1141 2706 evigilavit
1170 2637 1326 2690 idem.

128 2714 305 2759 cetera
334 2706 490 2758 turba
518 2707 693 2776 palam
723 2707 902 2760 titulos
933 2709 1173 2761 ostendet
1203 2718 1412 2778 apertos

203 2785 255 2829 et
283 2795 379 2830 sua
409 2776 858 2840 detectanomina
887 2778 1059 2832 fronte
1088 2790 1252 2848 geret.

129 2856 236 2900 tres
266 2847 450 2917 procul
480 2848 705 2900 obscura
732 2849 996 2901 latitantes
1027 2859 1175 2919 parte
1206 2849 1434 2902 videbis:

203 2917 258 2970 hi
286 2916 633 2986 (quamquam
663 2938 817 2972 nemo
847 2920 1038 2989 nescit.)
1067 2939 1244 2973 amare
1275 2920 1481 2972 docent.

130 2986 228 3041 hos
259 2998 317 3040 tu
347 2989 432 3042 vel
461 2988 636 3059 fugias
667 2990 776 3051 vel,
807 2990 850 3042 si
881 2990 1006 3042 satis
1037 2991 1140 3043 oris
1171 2990 1407 3052 habebis,

205 3057 513 3129 Oedipodas
543 3059 703 3113 facito
733 3061 1137 3130 Telegonosque
1168 3079 1348 3114 voces:

134 3129 305 3199 deque
335 3130 529 3193 tribus,
561 3149 772 3194 mone0,
805 3132 848 3184 si
878 3149 984 3200 qua
1014 3142 1091 3185 est
1121 3132 1217 3184 tibi
1246 3150 1372 3186 cura
1402 3132 1650 3201 parentiS,

189 3210 272 3265 ne
301 3218 646 3270 quemquam,
679 3203 919 3271 quamvis
950 3203 1061 3273 ipse
1093 3203 1326 3265 docebit,
1358 3222 1519 3256 ames·

134 3282 256 3324 sunt
287 3274 497 3341 quoque
529 3284 784 3336 mutatae,
815 3284 894 3327 ter
924 3274 1156 3342 quinque
1189 3274 1479 3337 volumina,
1511 3274 1730 3337 formae,

127 3400 129 3402 ,
207 3360 375 3411 nuper
405 3343 472 3395 ab
503 3345 738 3412 exequiis
769 3345 1001 3397 carmina
1031 3356 1180 3416 rapta
1210 3345 1356 3398 meis·

136 3410 220 3464 his
250 3413 442 3466 mando
474 3414 641 3478 dicaS,
671 3408 807 3469 inter
837 3426 1037 3481 mutata
1066 3417 1250 3470 referri

211 3482 684 3538 fortunae-vultum
715 3505 932 3557 corpora
963 3506 1115 3558 posse
1146 3506 1311 3549 meae.

1734 328 1837 382 119

1864 672 1921 710 80

1867 1024 1923 1064 85

1868 1376 1924 1415 90

1867 1731 1922 1770 95

1871 2087 1952 2125 100

1871 2442 1950 2480 105

1871 2797 1953 2834 110

1872 3152 1951 3189 115

1876 3505 1957 3542 120
