2158 3906
0 3697 7 3906 -r-,—-„—--
5 3659 9 3671 ..

498 305 848 354 FASTORUM
876 304 996 351 LIB.
1032 305 1120 351 111.
1151 302 1395 350 689-774.

96 413 340 470 cinnama
368 418 427 463 tu
456 409 658 480 primus
689 409 1003 491 captivaque
1033 416 1154 460 tura
1183 405 1374 459 dedisti

171 484 339 552 deque
369 479 691 550 triumphato
722 497 925 533 viscera
954 488 1092 532 tosta
1122 478 1274 530 bove.

99 553 308 611 nomine
337 551 407 605 ab
436 551 664 604 auctoris
695 551 896 603 ducunt
926 550 1178 603 libamina
1206 566 1399 601 nomen

169 624 406 692 libaque,
436 621 581 692 quod
612 621 772 674 sacris
796 640 925 703 pars
956 621 1111 674 datur
1139 619 1261 673 inde
1291 618 1440 672 focis.

99 695 208 752 liba
236 694 334 748 deo
364 693 520 756 fiunt,
552 692 690 746 sucis
720 709 846 761 quia
875 691 1118 745 dulcibus
1148 691 1289 744 idem

170 764 390 837 gaudet,
421 772 472 818 et
504 783 536 816 a
566 762 780 816 Baccho
810 763 968 816 mella
997 771 1204 833 reperta
1233 762 1426 814 ferunt.

99 837 210 892 ibat
237 835 494 890 harenoso
526 832 731 904 Satyris
761 834 1039 887 comitatus
1071 834 1139 886 ab
1170 832 1374 894 Hebr0,
1403 859 1476 870 —-

170 925 277 961 non
305 905 466 960 habet
494 904 729 976 ingratos
759 905 944 958 fabula
972 914 1152 957 nostra
1180 903 1324 957 iocos
1353 932 1426 941 -—

13 967 15 1056 ἶ
99 977 310 1048 iamque
341 985 453 1031 erat
483 976 551 1030 ad
580 976 876 1047 Rhodopen
907 976 1266 1046 Pangaeaque
1296 973 1483 1026 florida
1512 981 1755 1026 ventum:

172 1049 425 1103 aeriferae
456 1048 706 1101 comitum
735 1065 1088 1118 concrepuere
1119 1064 1324 1098 manus.

13 1149 15 1155 ⁴
96 1138 224 1176 ecce
253 1138 423 1173 novae
454 1127 644 1173 coeunt
673 1119 913 1171 volucres
944 1117 1219 1170 tinnitibus
1250 1124 1416 1177 actae,

172 1209 411 1259 quosque
439 1198 654 1243 movent
682 1189 882 1242 sonitus
912 1207 1060 1251 aera,
1091 1196 1384 1255 sequuntur
1413 1202 1555 1255 apes.

97 1261 301 1344 colligit
332 1269 564 1314 errantes
595 1268 648 1313 et
677 1259 732 1311 in
762 1259 948 1312 arbore
979 1257 1177 1310 claudit
1206 1256 1351 1309 inani

173 1331 363 1394 Liber,
395 1339 447 1384 et
475 1329 675 1384 inventi
705 1329 940 1400 praemia
969 1328 1138 1382 mellis
1168 1327 1344 1380 habet.

98 1411 165 1458 ut
193 1401 371 1473 Satyri
398 1401 636 1469 levisque
666 1419 826 1454 senex
856 1399 1074 1469 tetigere
1106 1416 1365 1468 saporem,

174 1472 498 1543 quaerebant
526 1472 692 1525 flavos
722 1489 817 1541 per
845 1489 1031 1525 nemus
1062 1488 1217 1522 omne
1248 1468 1417 1521 favos.

13 1583 15 1587 -
99 1544 252 1600 audit
279 1543 334 1598 in
358 1561 520 1598 exesa
549 1542 825 1596 stridorem
855 1540 1112 1596 examinis
1143 1541 1306 1603 ulmo,

176 1615 360 1687 aspicit
389 1623 442 1669 et
471 1631 617 1669 ceras
648 1613 1046 1682 dissimulatque
1078 1630 1263 1673 senex3

101 1695 268 1757 utque
296 1686 447 1770 piger
474 1685 637 1757 pandi
666 1693 815 1755 tergo
845 1683 1111 1767 residebat
1140 1683 1306 1765 aselli3

176 1757 402 1828 apphcat
432 1756 573 1810 hunc
602 1756 745 1809 ulmo
775 1756 1162 1823 corticibusque
1193 1772 1354 1807 cavis.

12 1840 13 1846 ’
100 1828 338 1884 constitit
361 1828 479 1899 'ipse
509 1845 667 1898 super
695 1845 903 1880 ramoso
934 1826 1110 1896 stipite
1140 1826 1295 1878 nixus

178 1908 334 1970 atque
365 1898 519 1953 avide
549 1908 735 1951 trunco
766 1897 976 1951 condita
1005 1897 1162 1950 mella
1191 1896 1345 1967 petit:

102 1971 252 2025 milia
280 1970 595 2024 crabronum
625 1979 816 2023 coeunt
845 1978 894 2022 et
926 1968 1119 2022 vertice
1150 1967 1292 2020 nudo

181 2041 383 2112 spicula
412 2041 649 2110 defigunt
678 2058 874 2109 oraque
906 2040 1039 2092 sima
1067 2048 1268 2091 notant.

102 2112 195 2167 ille
226 2111 366 2166 cadit
394 2126 646 2182 praeceps
677 2119 730 2164 et
759 2111 902 2163 calce
932 2110 1119 2164 feritur
1148 2109 1296 2162 aselli

178 2183 533 2251 inclamatque
563 2200 685 2235 suos
717 2181 1076 2249 auxiliumque
1106 2189 1274 2250 rogat.

103 2261 428 2309 concurrunt
458 2252 638 2322 Satyri
668 2252 1037 2322 turgentiaque
1068 2270 1160 2304 ora
1189 2249 1421 2320 parentis

179 2325 374 2387 rident3
405 2341 654 2394 percusso
684 2324 944 2376 claudicat.
972 2323 1058 2375 ille
1089 2341 1247 2392 genu.

106 2395 245 2450 ridet
274 2403 326 2449 et
352 2394 465 2466 ipse
496 2394 627 2448 deus
655 2394 944 2462 limumque
974 2394 1223 2446 inducere
1253 2400 1526 2445 monstrat.

181 2466 266 2520 hic
295 2474 446 2537 paret
473 2465 684 2518 monitis
714 2474 766 2518 et
794 2466 909 2517 linit
940 2483 1033 2518 ora
1061 2465 1173 2517 luto
1183 2485 1196 2527 ;

107 2537 264 2592 melle
293 2545 442 2608 pater
469 2536 684 2589 fruitur:
714 2535 929 2605 liboque
958 2535 1135 2588 infusa
1165 2534 1358 2588 calenti

181 2608 294 2662 iure
323 2607 576 2678 repertori
606 2607 830 2661 candida
859 2608 1016 2661 mella
1046 2607 1249 2659 damus.

107 2679 308 2734 femina
337 2697 431 2732 eur
459 2687 685 2750 presset,
713 2696 821 2731 non
851 2689 927 2731 est
958 2678 1172 2731 rationis
1202 2686 1439 2748 opertae:

183 2749 438 2805 femineos
467 2749 649 2819 thyrso
679 2749 908 2803 concitat
936 2749 1022 2802 ille
1054 2749 1258 2802 choros.

82 2839 208 2890 ²eur
237 2840 368 2874 anus
399 2820 500 2874 hoc
529 2820 712 2882 faciat,
743 2820 983 2888 quaeris?
1012 2819 1244 2872 vinosior
1273 2828 1418 2872 aetas

185 2891 315 2946 haec
345 2900 425 2945 est
456 2900 507 2944 et
536 2889 787 2961 gravidae
818 2910 1038 2944 munera
1066 2890 1187 2943 vitis
1217 2899 1374 2942 amat.

111 2981 209 3018 eur
237 2962 433 3016 hedera
462 2962 634 3016 cincta
664 2963 773 3015 est?
802 2961 998 3015 hedera
1028 2975 1105 3014 est
1136 2960 1436 3031 gratissima
1464 2958 1697 3013 Baccho,

186 3032 287 3087 hoc
317 3050 528 3103 quoque
559 3052 653 3087 cur
681 3033 754 3086 ita
784 3033 871 3095 sit,
904 3033 1076 3086 dicere
1106 3032 1252 3084 nulla
1279 3049 1428 3083 mora
1459 3041 1553 3083 est.

83 3161 92 3165 ,
115 3103 379 3175 Nysiadas
407 3104 668 3174 nymphas
699 3122 922 3174 puerum
954 3111 1238 3172 quaerente
1267 3120 1495 3155 noverca

99 3195 101 3197 ·
187 3175 323 3230 hanc
353 3175 595 3229 frondem
625 3176 773 3228 cunis
805 3176 1112 3245 opposuisse
1143 3175 1335 3227 ferunt.

117 3256 303 3310 restat,
333 3256 391 3299 ut
420 3247 710 3309 inveniam,
741 3264 903 3315 quare
934 3255 1060 3316 toga
1089 3246 1255 3298 libera
1285 3245 1438 3298 detur

190 3316 445 3373 Lucifero
471 3318 671 3388 pueriS,
702 3318 924 3371 candide
956 3317 1194 3378 Bacche,
1225 3326 1335 3368 tu0.

119 3386 231 3440 sive
260 3388 404 3456 quod
431 3388 543 3458 ipse
573 3408 705 3458 puer
735 3407 942 3459 semper
971 3388 1281 3456 iuvenisque
1312 3387 1523 3449 videris,

193 3467 244 3511 et
272 3459 445 3513 media
475 3469 553 3514 est
583 3469 726 3514 aetas
755 3460 891 3514 inter
921 3469 1205 3530 utrumque
1236 3458 1355 3512 tibi:

1735 287 1811 342 55

1843 701 1926 742 735

1845 1058 1928 1097 740

1846 1412 1928 1452 745

1847 1769 1932 1807 750

1847 2123 1930 2163 755

1850 2479 1933 2519 760

1852 2834 1934 2873 765

1856 3188 1940 3227 770
