2158 3906
414 279 484 331 28
972 289 1024 331 P.
1061 288 1267 334 OVIDII
1296 287 1568 334 NASONIS

487 392 589 442 iam
624 408 771 442 socer
803 398 1040 458 optatum
1069 408 1262 441 nomen
1294 389 1510 442 habebit
1541 391 1642 443 avi.

417 482 540 514 nam
572 461 674 513 fuit
702 461 792 511 illa
824 461 959 521 dies,
993 460 1126 511 dura
1156 478 1275 512 cum
1309 470 1447 514 sorte
1476 462 1696 514 maritae
1728 465 1732 489 ’-

300 564 386 603 430
490 532 781 583 reddebant
811 530 945 582 uteri
976 531 1198 599 pignora
1227 550 1346 583 rara
1377 531 1473 583 sui.
1578 576 1586 583 .

420 603 570 670 ‘quid
602 600 751 652 mihi’
786 600 1046 652 clamabat
1079 602 1318 671 ‘prodest
1347 603 1584 672 rapuisse
1617 602 1860 667 Sabinas,

488 672 747 724 Romulus
778 702 847 708 —
877 670 977 723 hoc
1007 672 1096 724 illo
1128 682 1335 741 sceptra
1365 683 1574 726 tenente
1605 674 1706 726 fuit
1735 704 1823 737 —‚

417 743 484 794 ‘si
515 761 633 793 mea
663 759 768 792 non
798 742 961 805 vireS,
994 743 1088 795 sed
1117 743 1314 795 bellum
1342 744 1533 796 iniuria
1562 744 1718 797 fecit?

486 812 665 864 utilius
697 811 869 864 fuerat
897 831 1003 865 non
1034 813 1282 867 habuisse
1311 815 1509 867 nurus.’

300 903 383 941 435
416 892 593 935 monte
626 883 723 934 sub
754 882 994 950 Esquilio
1026 885 1204 936 multis
1233 885 1523 938 incaeduus
1554 887 1704 939 annis

488 953 705 1005 Iunonis
737 973 961 1023 magnae
992 955 1202 1007 nomine
1232 956 1384 1008 lucus
1415 965 1542 1008 erat.

414 1027 516 1076 huc
546 1025 641 1076 ubi
670 1035 949 1086 venerunt,
982 1026 1177 1095 pariter
1206 1035 1509 1096 nuptaeque
1540 1027 1743 1095 virique

488 1095 793 1165 suppliciter
821 1096 993 1165 posito
1023 1097 1352 1166 procubuere
1382 1116 1549 1167 genu:

415 1185 536 1219 cum
568 1167 740 1218 subito
770 1177 944 1220 motae
975 1176 1235 1221 tremuere
1267 1168 1542 1222 cacumina
1572 1168 1752 1232 silvae,

298 1256 384 1295 440
488 1246 540 1289 et
571 1238 670 1290 dea
699 1257 794 1307 per
822 1239 969 1290 lucos
1000 1239 1133 1291 mira
1161 1240 1338 1292 locuta
1369 1258 1508 1292 suos.

1864 604 1881 627 9

416 1309 659 1360 ‘Italidas
690 1309 907 1361 matres'
940 1309 1112 1377 inquit
1143 1316 1316 1363 ‘sacer
1343 1310 1521 1363 hircus
1551 1310 1715 1362 inito.’
2090 1309 2154 1368 ’.ξ

488 1379 741 1448 obstipuit
772 1379 932 1432 dubio
964 1381 1144 1433 territa
1175 1381 1331 1433 turba
1362 1399 1508 1433 sono.

414 1468 586 1519 augur
618 1459 728 1502 erat
761 1449 977 1517 (nomen
1007 1452 1178 1521 longis
1212 1452 1478 1504 intercidit
1508 1452 1706 1522 annis);
2110 1471 2141 1513 ἕρ

486 1540 655 1590 nuper
686 1521 753 1572 ab
784 1520 1013 1574 Etrusca
1043 1533 1259 1575 venerat
1291 1524 1413 1575 exul
1443 1523 1619 1575 humo,

299 1610 381 1648 445
414 1591 501 1644 ille
534 1610 751 1660 caprum
780 1602 997 1645 mactat:
1030 1594 1204 1646 iussae
1236 1613 1332 1645 sua
1362 1603 1512 1663 terga
1541 1594 1748 1663 puellae

484 1663 709 1731 pellibus
742 1665 962 1715 exsectis
993 1665 1334 1732 percutienda
1366 1665 1578 1716 dabant.

412 1734 538 1785 luna
567 1734 869 1786 resumebat
899 1735 1100 1786 decimo
1132 1754 1271 1787 nova
1301 1753 1497 1787 cornua
1526 1744 1698 1787 motu:
2106 1723 2140 1799 x}

486 1805 670 1871 virque
702 1814 850 1873 pater
881 1806 1077 1868 subit0‚
1110 1816 1379 1875 nuptaque
1410 1815 1579 1858 mater
1609 1814 1736 1859 erat.

303 1900 306 1903 ¹
364 1883 367 1885 ’
412 1875 584 1944 gratia
614 1875 876 1928 Lucinae!
910 1876 1054 1928 dedit
1082 1876 1213 1929 haec
1243 1877 1338 1928 tibi
1367 1877 1581 1929 nomina
1609 1877 1778 1941 lucus,
2107 1809 2147 1956 {s

297 1962 383 2000 450
485 1956 576 1997 aut
607 1946 730 2014 quia
759 1947 1077 2016 principium
1108 1957 1189 2010 tn,
1222 1948 1344 2011 dea,
1375 1948 1509 2000 lucis
1540 1948 1719 2001 habes,
2115 1958 2157 2006 '⁴2

411 2035 595 2086 parce,
627 2035 834 2085 precor,
866 2018 1122 2086 gravidis,
1154 2018 1322 2070 facilis
1354 2018 1590 2081 Lucina,
1621 2019 1827 2089 puellis,

483 2096 854 2155 maturumque
885 2098 1035 2141 utero
1066 2090 1291 2142 molliter
1321 2090 1472 2143 aufer
1501 2108 1650 2142 onus·
1681 2121 1752 2128 —

413 2168 527 2209 orta
558 2158 667 2209 dies
699 2159 879 2211 fuerit:
912 2169 969 2212 tu
1001 2160 1180 2213 desine
1211 2161 1423 2214 credere
1454 2161 1641 2214 ventis.

482 2229 707 2298 perdidit
736 2230 875 2282 illius
905 2231 1155 2300 temporis
1186 2251 1315 2284 aura
1344 2232 1518 2284 fidem.
2114 2247 2133 2272 Ὗ

296 2316 379 2354 455
412 2299 625 2352 flamina
655 2318 760 2352 non
793 2310 1048 2354 constant.
1124 2311 1177 2355 et
1207 2321 1300 2355 sex
1330 2311 1560 2355 reserata
1591 2302 1776 2355 diebus
2106 2294 2133 2359 ἓ

484 2371 705 2423 carceris
736 2372 913 2423 Aeolii
942 2373 1100 2425 ianua
1129 2373 1235 2425 lata
1264 2382 1425 2442 patet.
1456 2403 1528 2410 —

410 2441 516 2492 iam
546 2441 677 2493 levis
708 2442 922 2510 obliqua
951 2443 1187 2496 subsedit
1216 2444 1487 2512 Aquarius
1517 2463 1673 2496 urna:

482 2512 754 2580 proximus
785 2513 1043 2566 aetherios
1075 2515 1281 2584 excipe,
1313 2515 1510 2578 Piscis,
1542 2533 1720 2584 equos,

412 2591 464 2635 te
494 2592 787 2635 memorant
815 2583 1135 2653 fratremque
1165 2594 1316 2637 tuum
1345 2599 1570 2638 —··nam
1599 2587 1780 2639 iuncta
1811 2586 2016 2640 micatis

294 2669 381 2709 460
486 2654 637 2722 signa
665 2684 737 2690 —
767 2654 899 2707 duos
930 2665 1080 2725 tergo
1112 2657 1421 2709 sustinuisse
1453 2658 1595 2710 deos·

411 2724 695 2793 terribilem
727 2726 994 2793 quondam
1024 2727 1234 2796 fugiens
1265 2728 1528 2798 Typhona
1557 2728 1750 2792 Dione,
2102 2726 2128 2779 ἦ

480 2804 606 2847 tunc
638 2814 758 2847 cum
788 2815 882 2866 pro
915 2797 1059 2850 caelo
1090 2798 1331 2868 Iuppiter
1361 2818 1507 2851 arma
1537 2800 1671 2861 tulit,
2109 2806 2123 2870 j:
2156 2843 2158 2871 ἐ

410 2866 555 2917 venit
586 2867 654 2918 ad
682 2865 996 2937 Euphraten
1028 2870 1273 2922 comitata
1305 2868 1570 2939 Cupidine
1601 2889 1765 2940 parvo
1851 2872 1855 2876 ’
2096 2865 2127 2931 5
2156 2883 2158 2964 J

443 3002 445 3005 ι
480 2937 640 3004 inque
669 2937 1003 2993 Palaestinae
1034 2940 1272 3010 margine
1304 2941 1439 2993 sedit
1469 2959 1654 3010 aquae.
2110 2943 2126 3002 ς’·

295 3024 378 3063 465
410 3008 637 3076 populus
670 3018 720 3060 et
752 3028 951 3062 cannae
982 3011 1214 3080 riparum
1247 3031 1453 3064 summa
1483 3012 1749 3075 tenebant,
2098 3006 2131 3073 3}

483 3097 734 3147 spemque
765 3080 962 3132 dabant
993 3082 1202 3145 saliceS,
1233 3082 1314 3134 his
1345 3101 1555 3150 quoque
1585 3101 1741 3152 posse
1772 3084 1897 3152 tegi.

410 3148 535 3200 dum
566 3149 716 3210 latet,
747 3151 978 3203 insonuit
1009 3161 1167 3205 vento
1197 3172 1400 3205 nemus.
1474 3154 1565 3205 illa
1593 3153 1778 3206 timore

479 3219 640 3288 pallet
670 3229 720 3272 et
750 3221 963 3274 hostiles
995 3223 1158 3275 credit
1188 3224 1372 3275 adesse
1402 3242 1605 3285 manus⁹

366 3316 369 3321 ·
407 3298 571 3357 utque
603 3290 720 3342 sinu
750 3292 917 3344 tenuit
946 3302 1152 3355 natum,
1185 3294 1519 3357 ‘succurrite‚
1551 3294 1863 3364 nymphae,·

292 3378 378 3417 470
480 3369 532 3413 et
562 3360 641 3413 dis
673 3362 926 3414 auxilium
956 3363 1087 3416 ferte
1119 3363 1372 3416 duobusl’
1404 3364 1492 3416 ait.

407 3449 506 3484 nec
536 3449 706 3485 mora:
737 3433 991 3502 prosiluit.
1065 3434 1234 3503 pisces
1265 3434 1473 3489 subiere
1502 3436 1738 3505 gemelli:
