2158 3906
328 318 430 372 198
876 319 933 370 P.
967 324 1174 371 OVIDII
1201 321 1472 371 NASONIS

246 449 299 488 65
330 450 428 485 nec
457 430 558 483 nisi
586 447 708 499 pars
740 446 866 480 casu
895 426 1119 478 flammis
1152 434 1332 495 erepta
1362 424 1549 478 dolove

402 502 471 554 ad
499 518 592 554 vos
621 497 820 568 ingenii
849 497 1088 566 pervenit
1118 496 1225 548 ulla
1252 496 1375 549 mei.

331 573 408 626 sic
437 570 662 632 utinam,
695 587 830 636 quae
860 567 934 620 nil
963 575 1285 621 metuentem
1315 566 1419 619 tale
1450 565 1763 635 magistrum

402 640 654 712 perdidit,
685 639 740 692 in
771 638 971 692 cineres
1002 638 1110 691 Ars
1141 657 1260 692 mea
1289 655 1442 691 versa
1470 635 1629 690 foret!

1102 750 1269 804 XIII.

332 855 492 907 Hanc
521 860 644 905 tuus
676 870 705 906 e
738 849 929 905 Getico
960 850 1119 903 mittit
1148 849 1245 902 tibi
1274 849 1421 903 Naso
1453 848 1693 912 salutem,

404 923 610 977 mittere
641 922 685 975 si
715 921 1021 992 quisquam,
1053 939 1157 990 quo
1190 928 1333 973 caret
1361 919 1499 990 ipse,
1530 927 1720 989 potest.

334 1013 494 1064 aeger
524 993 663 1048 enim
692 993 880 1046 mentis
913 992 1157 1062 contagia
1187 1009 1405 1061 corpore
1436 991 1589 1053 traxi,

405 1066 571 1120 libera
599 1073 859 1118 tormento
891 1083 1012 1134 pars
1042 1062 1172 1115 mihi
1201 1082 1268 1115 ne
1299 1080 1405 1130 qua
1435 1069 1610 1123 vacet3

277 1153 305 1194 5
335 1155 534 1208 perque
566 1136 677 1200 dies
708 1136 901 1188 multos
931 1134 1109 1187 lateris
1141 1132 1459 1187 cruciatibus
1488 1150 1613 1185 uror
1624 1151 1637 1193 3

408 1227 493 1261 me
523 1225 735 1276 quoque
764 1225 871 1259 non
901 1205 1108 1258 modico
1138 1205 1334 1274 frigore
1364 1202 1517 1256 laesit
1543 1202 1732 1254 hiems.

337 1279 382 1332 si
411 1288 587 1332 tamen
616 1279 728 1348 ipse
760 1278 928 1340 valeS,
960 1277 1136 1344 aliqua
1165 1294 1260 1328 nos
1291 1283 1438 1344 parte
1469 1274 1731 1326 valemus:

408 1349 604 1419 quippe
634 1368 753 1401 mea
783 1358 860 1401 est
889 1348 1084 1401 umeris
1114 1346 1249 1399 fulta
1278 1346 1431 1398 ruina
1461 1345 1582 1397 tuis.

339 1421 430 1491 qui
461 1421 589 1472 mihi
619 1439 741 1473 cum
771 1419 976 1472 dederis
1008 1418 1242 1488 ingentia
1270 1416 1517 1487 pignora,
1549 1431 1777 1483 cumque

257 1508 310 1549 10
410 1511 507 1562 per
534 1509 782 1543 numeros
814 1508 994 1542 omnes
1025 1489 1125 1542 hoc
1156 1497 1335 1541 tueare
1366 1495 1542 1556 caput,

340 1563 484 1632 quod
513 1570 605 1614 tua
635 1581 719 1615 me
749 1579 868 1614 raro
900 1561 1098 1613 solatur
1128 1559 1377 1629 epistula,
1408 1575 1619 1627 peccas:

411 1651 629 1702 remque
659 1633 801 1702 piam
831 1640 1066 1701 praestas
1098 1639 1150 1683 et
1180 1629 1309 1681 mihi
1339 1628 1501 1681 verba
1530 1645 1711 1696 negas.

340 1704 465 1766 hoc,
496 1722 704 1773 precor,
736 1701 979 1755 emenda!
1014 1701 1158 1770 quod
1189 1701 1232 1753 si
1263 1699 1549 1753 correxeris
1579 1716 1763 1759 unum,

412 1775 588 1827 nullus
619 1775 673 1826 in
705 1773 919 1843 egregio
952 1791 1168 1842 corpore
1198 1789 1398 1823 naevus
1429 1769 1541 1822 erit.

260 1863 311 1903 15
342 1845 580 1916 pluribus
612 1863 881 1905 accusem,
912 1844 1026 1896 fieri
1056 1842 1157 1895 nisi
1187 1841 1375 1911 possit,
1406 1849 1465 1902 ut
1496 1839 1563 1891 ad
1591 1855 1677 1891 me

413 1917 586 1969 littera
615 1934 721 1968 non
751 1915 951 1977 veniat,
981 1913 1142 1965 missa
1173 1913 1239 1965 sit
1268 1912 1357 1963 illa
1387 1919 1579 1963 tamen.

344 1987 398 2040 di
428 1987 649 2049 faciant,
680 1995 739 2039 ut
769 1985 835 2038 sit
866 1984 1143 2038 temeraria
1171 1991 1350 2035 nostra
1379 1981 1611 2050 querela,

415 2068 572 2125 teque
602 2066 784 2127 putem
814 2056 949 2108 falso
980 2073 1086 2108 non
1116 2054 1417 2107 meminisse
1446 2050 1574 2105 mei!

344 2129 487 2198 quod
516 2146 725 2197 precor,
758 2146 872 2180 esse
902 2128 1091 2195 liquet:
1122 2143 1294 2194 neque
1326 2123 1466 2178 enim
1495 2120 1748 2175 mutabile
1778 2120 1941 2174 robur

260 2218 316 2258 20
418 2200 631 2253 credere
660 2217 745 2252 me
776 2198 857 2250 fas
889 2207 967 2251 est
996 2197 1221 2268 pectoris
1254 2214 1368 2249 esse
1397 2194 1491 2247 tui.

306 2289 312 2299 ¹
347 2289 479 2324 cana
507 2270 653 2340 prius
683 2270 860 2340 gelido
893 2269 1064 2322 desint
1094 2267 1356 2321 absinthia
1383 2265 1560 2318 Ponto

418 2351 470 2395 et
501 2350 677 2394 careat
706 2340 849 2393 dulci
877 2340 1144 2392 Trinacris
1175 2338 1358 2406 Hybla
1387 2336 1587 2405 thym0‚

346 2413 691 2465 inmemorem
720 2429 881 2479 quam
910 2420 963 2463 te
993 2410 1274 2478 quisquam
1305 2408 1581 2461 convincat
1611 2404 1781 2458 amici.

418 2502 526 2535 non
554 2483 628 2535 ita
656 2491 780 2536 sunt
809 2481 905 2534 fati
934 2481 1156 2534 stamina
1184 2480 1337 2549 nigra
1366 2478 1485 2531 mei.

262 2572 317 2612 25
348 2563 407 2607 tu
438 2564 640 2616 tamen,
670 2561 730 2606 ut
759 2552 927 2622 possis
957 2552 1122 2604 falsae
1154 2567 1365 2619 quoque
1395 2549 1590 2618 pellere
1622 2546 1808 2616 culpae

421 2624 662 2686 crimina,
694 2622 837 2691 quod
866 2640 972 2675 non
1002 2641 1081 2684 eS,
1111 2640 1179 2674 ne
1210 2621 1449 2682 videare,
1482 2637 1628 2672 cave.

351 2704 513 2764 utque
545 2694 842 2748 solebamus
875 2711 1182 2747 consumere
1211 2692 1372 2760 longa
1400 2689 1664 2758 loquendo

421 2776 683 2836 tempora,
715 2764 943 2818 sermoni
974 2763 1249 2816 deficiente
1280 2762 1381 2825 die,

287 2878 291 2882 .
352 2838 426 2890 sic
456 2837 592 2890 ferat
622 2854 683 2890 ac
712 2835 906 2889 referat
933 2835 1118 2888 tacitas
1148 2851 1289 2886 nunc
1318 2833 1491 2885 littera
1521 2849 1695 2894 voces,

266 2926 321 2966 30
424 2917 476 2962 et
504 2915 763 2978 peragant
792 2907 1005 2976 linguae
1037 2905 1216 2958 charta
1247 2921 1539 2971 manusque
1570 2902 1729 2956 vices·

352 2980 496 3050 quod
525 2979 638 3033 fore
667 2997 734 3031 ne
765 2978 988 3030 nimium
1017 2977 1198 3030 videar
1228 2975 1491 3036 diffidere,
1523 2973 1695 3041 sitque

423 3050 662 3103 versibus
693 3049 793 3102 hoc
822 3048 1004 3119 paucis
1037 3047 1372 3101 admonuisse
1404 3045 1547 3107 satiS,

354 3122 557 3190 accipe,
589 3138 693 3190 quo
726 3138 933 3190 semper
962 3119 1140 3172 finitur
1170 3117 1394 3187 epistula
1424 3115 1603 3176 verbO,

425 3201 582 3260 atque
612 3190 743 3244 meis
775 3190 969 3243 distant
999 3207 1104 3257 quo
1134 3196 1227 3241 tua
1255 3187 1386 3239 fata:
1419 3184 1557 3238 vale!

1123 3300 1285 3354 XIV.

308 3415 310 3417 ’
355 3403 573 3472 Quanta
601 3401 698 3454 tibi
728 3401 962 3455 dederim
990 3398 1179 3451 nostris
1210 3397 1533 3450 monimenta
1562 3395 1769 3459 libellis,

428 3493 458 3527 0
489 3472 618 3526 mihi
648 3492 733 3527 me
765 3471 994 3526 coniunx
1026 3469 1217 3534 carior,
1247 3469 1362 3540 ipsa
1394 3467 1556 3522 vides,
