2158 3906
377 346 481 401 258
930 358 984 402 P.
1017 359 1225 405 0V1D11
1256 359 1528 406 NASONIS

294 477 346 515 25
377 460 481 513 huc
512 480 720 529 quoque
752 461 962 523 venisti,
994 480 1099 530 pax
1130 470 1210 514 est
1238 462 1331 514 ubi
1361 471 1596 531 tempore
1626 465 1772 516 nullo

450 541 501 583 et
532 532 632 583 coit
665 531 889 583 astrictis
919 532 1176 584 barbarus
1208 533 1393 585 Hister
1423 532 1604 600 aquis?

378 620 512 670 quae
544 602 639 654 tibi
669 620 830 654 causa
859 602 998 664 viae,
1029 602 1131 655 nisi
1159 603 1238 655 uti
1266 604 1407 656 mala
1435 612 1613 656 nostra
1643 604 1883 657 videres?

451 691 587 740 quae
618 682 763 735 sunt,
795 673 839 725 si
867 674 1062 736 nescis,
1092 674 1352 727 invidiosa
1381 674 1493 727 tibi.

378 751 436 795 tu
468 743 596 794 mihi
628 743 834 795 dictasti
863 744 1128 798 iuvenalia
1158 745 1390 798 carmina
1418 745 1636 815 primus,

294 828 348 868 30
451 814 674 883 apposui
704 814 843 867 senis
874 823 926 868 te
957 815 1091 868 duce
1121 816 1354 884 quinque
1385 816 1564 885 pedes.

378 903 476 938 nec
506 904 590 937 me
620 885 872 938 Maeonio
903 903 1220 956 consurgere
1252 887 1482 940 carmine
1511 905 1610 940 nec
1639 907 1724 941 me

451 956 624 1008 dicere
654 974 971 1026 magnorum
1001 976 1189 1027 passus
1221 976 1276 1010 es
1309 966 1426 1010 acta
1456 957 1669 1010 ducum.

378 1025 598 1079 forsitan
630 1027 875 1097 exiguas,
908 1028 1111 1096 aliquas
1142 1036 1343 1091 tamen,
1377 1046 1530 1081 arcus
1567 1038 1618 1081 et
1647 1029 1785 1099 ignis

449 1098 647 1168 ingenii
678 1099 815 1152 vires
847 1099 1203 1152 comminuere
1233 1099 1353 1152 mei.

294 1185 347 1223 35
378 1188 606 1237 namque
638 1188 737 1239 ego
770 1170 898 1222 dum
929 1179 1083 1223 canto
1112 1178 1205 1223 tua
1232 1189 1398 1241 regna
1427 1179 1656 1239 tuaeque
1685 1171 1936 1241 parentiS,

450 1241 504 1292 in
534 1241 739 1292 nullum
768 1260 888 1294 mea
916 1260 1066 1294 mens
1095 1242 1296 1311 grande
1327 1242 1536 1295 vacavit
1565 1260 1715 1311 opus·

379 1330 477 1364 nec
508 1311 632 1364 satis
663 1312 764 1365 hoc
794 1313 990 1365 fuerat:
1022 1314 1182 1365 stulto
1212 1330 1424 1381 quoque
1455 1313 1684 1366 carmine
1714 1313 1835 1375 feci,

442 1383 675 1435 -Artibus
705 1391 764 1435 ut
793 1402 974 1453 posses
1004 1402 1112 1436 non
1141 1385 1286 1436 rudis
1319 1403 1431 1437 esse
1462 1384 1608 1437 meiS.

379 1472 474 1523 pro
506 1453 697 1522 quibus
729 1454 945 1507 exilium
974 1455 1165 1508 misero
1198 1464 1276 1507 est
1305 1454 1435 1507 mihi
1463 1455 1669 1508 reddita
1697 1474 1920 1519 merceS,

294 1542 349 1579 40
450 1524 505 1575 id
537 1542 748 1592 quoque
778 1525 834 1577 in
864 1526 1110 1578 extremis
1142 1535 1194 1578 et
1225 1526 1336 1579 sine
1368 1544 1498 1595 pace
1527 1526 1673 1578 locis.

382 1604 435 1648 at
463 1613 568 1647 non
601 1593 888 1649 Chionides
918 1595 1216 1666 Eumolpus
1245 1596 1302 1648 in
1334 1595 1554 1666 Orphea
1584 1597 1719 1661 talis,

450 1666 505 1717 in
533 1665 755 1736 Phryga
782 1685 881 1720 nec
912 1665 1163 1736 Satyrum
1193 1668 1311 1719 talis
1343 1665 1609 1737 Olympus
1640 1677 1769 1731 erat,

380 1737 613 1807 praemia
642 1756 740 1790 nec
772 1735 972 1790 Chiron
1003 1738 1070 1790 ab
1101 1737 1311 1791 Achille
1341 1738 1467 1790 talia
1498 1739 1652 1807 cepit,

365 1820 368 1825 ·
450 1807 895 1877 Pythagoraeque
926 1809 1104 1861 ferunt
1132 1827 1240 1861 non
1267 1809 1512 1862 nocuisse
1540 1809 1790 1861 Numam.

294 1895 347 1933 45
380 1879 594 1931 nomina
623 1898 727 1932 neu
757 1879 983 1931 referam
1012 1880 1233 1948 longum
1263 1880 1481 1932 collecta
1509 1898 1604 1949 per
1635 1899 1850 1933 aevumz

453 1949 709 2018 discipulo
738 1949 871 2018 perii
902 1951 1043 2002 solus
1075 1950 1143 2002 ab
1172 1950 1286 2019 ipse
1317 1968 1452 2003 mec.

381 2021 508 2073 dum
539 2020 725 2073 damus
756 2040 901 2073 arma
930 2021 1051 2083 tibi,
1082 2021 1209 2073 dum
1239 2030 1317 2082 te,
1347 2021 1567 2084 lascive,
1600 2022 1869 2085 docemUS,

450 2091 582 2144 haec
612 2101 663 2144 te
696 2092 953 2161 discipulo
986 2092 1124 2145 dona
1152 2091 1404 2161 magister
1433 2091 1616 2145 habet!

381 2162 482 2215 scis
512 2171 714 2226 tamen,
747 2171 799 2215 et
828 2163 1028 2231 liquido
1058 2163 1260 2215 iuratus
1291 2162 1465 2217 dicere
1494 2164 1682 2233 possiS,

296 2249 350 2289 50
450 2252 557 2285 non
587 2252 671 2286 me
702 2234 966 2303 legitimos
997 2234 1302 2287 sollicitasse
1332 2243 1490 2287 toros.

381 2304 685 2374 scripsimus
714 2304 845 2358 haec
874 2306 999 2368 illis,
1031 2323 1256 2373 quarum
1285 2323 1383 2358 nec
1413 2306 1545 2358 vitta
1574 2306 1795 2375 pudicos

454 2375 708 2445 contingit
739 2376 908 2429 crines
937 2395 1036 2429 nec
1067 2377 1201 2428 stola
1229 2377 1390 2446 longa
1419 2377 1597 2446 pedes.

383 2446 490 2507 dic,
520 2464 729 2516 precor,
762 2448 1036 2515 ecquando
1067 2447 1294 2499 didicisti
1324 2447 1506 2501 fallere
1537 2456 1728 2517 nuptas

454 2527 504 2568 et
533 2517 707 2569 facere
737 2517 995 2570 incertum
1026 2537 1121 2587 per
1150 2536 1269 2570 mea
1297 2518 1441 2570 iussa
1470 2518 1672 2586 genus?

296 2602 348 2640 55
383 2587 519 2639 absit
549 2588 616 2639 ab
646 2587 727 2640 his
759 2588 926 2640 omnis
956 2588 1125 2658 rigide
1156 2598 1418 2640 summota
1446 2588 1652 2651 libellis,

453 2677 611 2726 quam
649 2659 735 2711 lex
765 2658 987 2711 furtivos
1018 2668 1161 2712 arcet
1189 2659 1383 2712 habere
1414 2659 1577 2712 viros!

382 2729 510 2796 quid
540 2738 717 2782 tamen
747 2729 847 2782 hoc
876 2730 1114 2799 prodest,
1146 2730 1293 2783 vetiti
1324 2730 1368 2782 si
1395 2730 1515 2799 lege
1535 2749 1730 2784 *severa

454 2800 638 2852 credor
668 2801 909 2853 adulterii
939 2801 1297 2870 composuisse
1328 2801 1512 2854 notas?

381 2880 434 2923 at
465 2880 523 2922 tu
552 2902 623 2908 —
653 2871 728 2924 sic
758 2871 953 2925 habeas
984 2872 1229 2925 ferientes
1261 2881 1451 2925 cuncta
1481 2873 1716 2942 sagittaS,

296 2957 349 2995 60
453 2942 526 2995 sic
557 2961 847 3011 numquam
876 2943 1060 3013 rapido
1090 2943 1363 3013 lampades
1392 2943 1517 3012 igne
1547 2953 1751 3006 vacent,

382 3014 455 3064 sic
486 3022 635 3082 regat
663 3014 944 3082 imperium
973 3023 1245 3083 terrasque
1278 3023 1516 3068 coerceat
1546 3032 1728 3067 omnes

455 3081 675 3147 Caesar,
708 3086 774 3137 ab
805 3086 993 3139 Aenea
1022 3094 1100 3138 est
1131 3085 1222 3154 qui
1252 3085 1349 3138 tibi
1377 3085 1539 3139 fratre
1568 3103 1731 3155 nepos
1760 3115 1833 3123 —-

382 3155 554 3217 effice,
588 3155 653 3207 sit
681 3156 832 3208 nobis
862 3175 968 3208 non
997 3156 1344 3226 implacabilis
1374 3157 1468 3218 ira,

452 3243 641 3293 meque
671 3227 786 3279 loco
817 3227 974 3296 plecti
1003 3227 1356 3279 commodiore
1388 3227 1547 3280 velit!

298 3313 349 3351 65
381 3295 512 3348 haec
544 3315 642 3366 ego
674 3297 817 3350 visus
849 3316 991 3350 eram
1022 3316 1185 3366 puero
1218 3297 1411 3350 dixisse
1442 3297 1658 3359 volucri,

453 3367 547 3418 hos
578 3367 721 3419 visus
750 3367 902 3420 nobis
931 3367 1019 3419 ille
1050 3367 1256 3420 dedisse
1287 3385 1467 3420 sonos:

382 3444 522 3507 ‘per,
555 3456 672 3490 mea
701 3438 827 3499 tela,
858 3438 1001 3491 faces
1033 3447 1084 3490 et
1114 3457 1230 3507 per,
1261 3457 1380 3490 mea
1409 3438 1536 3501 tela,
1569 3439 1804 3509 sagittas,

450 3528 545 3578 per
574 3518 796 3562 matrem
825 3509 940 3561 iuro
974 3506 1397 3578 Caesareumque
1429 3519 1603 3579 caput,
1879 3514 1886 3518 “
