<?xml version="1.0" encoding="UTF-8"?>
<!DOCTYPE html PUBLIC "-//W3C//DTD XHTML 1.0 Transitional//EN"
    "http://www.w3.org/TR/xhtml1/DTD/xhtml1-transitional.dtd">
<html xmlns="http://www.w3.org/1999/xhtml" xml:lang="en" lang="en">
 <head>
  <title>
</title>
<meta http-equiv="Content-Type" content="text/html;charset=utf-8" />
  <meta name='ocr-system' content='tesseract 3.04.00' />
  <meta name='ocr-capabilities' content='ocr_page ocr_carea ocr_par ocr_line ocrx_word'/>
</head>
<body>
  <div class='ocr_page' id='page_1' title='image "./carminaov03oviduoft_0250.png"; bbox 0 0 2158 3906; ppageno 0'>
   <div class='ocr_carea' id='block_1_1' title="bbox 280 313 1436 366">
    <p class='ocr_par' dir='ltr' id='par_1_1' title="bbox 280 313 1436 366">
     <span class='ocr_line' id='line_1_1' title="bbox 280 313 1436 366; baseline 0 -1"><span class='ocrx_word' id='word_1_1' title='bbox 280 313 384 365; x_wconf 74' lang='grc'>212</span> <span class='ocrx_word' id='word_1_2' title='bbox 837 321 891 363; x_wconf 90' lang='grc' dir='ltr'>Ρ.</span> <span class='ocrx_word' id='word_1_3' title='bbox 929 319 1136 365; x_wconf 89' lang='lat' dir='ltr'>0V1D11</span> <span class='ocrx_word' id='word_1_4' title='bbox 1166 319 1436 366; x_wconf 85' lang='lat' dir='ltr'>NASONIS</span> 
     </span>
    </p>
   </div>
   <div class='ocr_carea' id='block_1_2' title="bbox 157 421 1871 3536">
    <p class='ocr_par' dir='ltr' id='par_1_2' title="bbox 157 421 1871 3536">
     <span class='ocr_line' id='line_1_2' title="bbox 170 421 1546 502; baseline -0.006 -20"><span class='ocrx_word' id='word_1_5' title='bbox 170 443 253 482; x_wconf 85' lang='grc'>520</span> <span class='ocrx_word' id='word_1_6' title='bbox 356 426 431 478; x_wconf 91' lang='lat' dir='ltr'>sic</span> <span class='ocrx_word' id='word_1_7' title='bbox 463 424 529 476; x_wconf 88' lang='lat' dir='ltr'>sit</span> <span class='ocrx_word' id='word_1_8' title='bbox 559 424 613 475; x_wconf 94' lang='lat' dir='ltr'>in</span> <span class='ocrx_word' id='word_1_9' title='bbox 644 422 862 475; x_wconf 88' lang='lat' dir='ltr'>exitium</span> <span class='ocrx_word' id='word_1_10' title='bbox 891 421 1075 502; x_wconf 86' lang='lat' dir='ltr'>lingua</span> <span class='ocrx_word' id='word_1_11' title='bbox 1105 429 1349 490; x_wconf 88' lang='lat' dir='ltr'>proterva</span> <span class='ocrx_word' id='word_1_12' title='bbox 1378 430 1546 474; x_wconf 90' lang='lat' dir='ltr'>tuum.</span> 
     </span>
     <span class='ocr_line' id='line_1_3' title="bbox 285 491 1719 577; baseline -0.001 -29"><span class='ocrx_word' id='word_1_13' title='bbox 285 505 461 577; x_wconf 48' lang='lat' dir='ltr'>utque·</span> <span class='ocrx_word' id='word_1_14' title='bbox 481 512 667 563; x_wconf 89' lang='lat' dir='ltr'>parum</span> <span class='ocrx_word' id='word_1_15' title='bbox 699 491 873 544; x_wconf 86' lang='lat' dir='ltr'>stabili</span> <span class='ocrx_word' id='word_1_16' title='bbox 903 491 993 558; x_wconf 88' lang='lat' dir='ltr'>qui</span> <span class='ocrx_word' id='word_1_17' title='bbox 1024 492 1252 544; x_wconf 82' lang='lat' dir='ltr'>carmine</span> <span class='ocrx_word' id='word_1_18' title='bbox 1281 492 1432 547; x_wconf 87' lang='lat' dir='ltr'>laesit</span> <span class='ocrx_word' id='word_1_19' title='bbox 1461 492 1719 556; x_wconf 81' lang='lat' dir='ltr'>AthenaS,</span> 
     </span>
     <span class='ocr_line' id='line_1_4' title="bbox 357 561 1240 632; baseline -0.003 -15"><span class='ocrx_word' id='word_1_20' title='bbox 357 565 555 617; x_wconf 90' lang='lat' dir='ltr'>invisus</span> <span class='ocrx_word' id='word_1_21' title='bbox 587 581 771 632; x_wconf 89' lang='lat' dir='ltr'>pereas</span> <span class='ocrx_word' id='word_1_22' title='bbox 803 561 1075 614; x_wconf 89' lang='lat' dir='ltr'>deficiente</span> <span class='ocrx_word' id='word_1_23' title='bbox 1107 562 1240 614; x_wconf 80' lang='lat' dir='ltr'>cibo.</span> 
     </span>
     <span class='ocr_line' id='line_1_5' title="bbox 284 632 1508 703; baseline -0.001 -15"><span class='ocrx_word' id='word_1_24' title='bbox 284 646 449 703; x_wconf 87' lang='lat' dir='ltr'>utque</span> <span class='ocrx_word' id='word_1_25' title='bbox 479 635 623 702; x_wconf 90' lang='lat' dir='ltr'>lyrae</span> <span class='ocrx_word' id='word_1_26' title='bbox 657 642 804 685; x_wconf 86' lang='lat' dir='ltr'>vates</span> <span class='ocrx_word' id='word_1_27' title='bbox 834 632 1000 685; x_wconf 88' lang='lat' dir='ltr'>fertur</span> <span class='ocrx_word' id='word_1_28' title='bbox 1029 632 1245 702; x_wconf 90' lang='lat' dir='ltr'>periisse</span> <span class='ocrx_word' id='word_1_29' title='bbox 1277 653 1508 697; x_wconf 88' lang='lat' dir='ltr'>severae,</span> 
     </span>
     <span class='ocr_line' id='line_1_6' title="bbox 357 703 1327 757; baseline -0.002 0"><span class='ocrx_word' id='word_1_30' title='bbox 357 724 516 757; x_wconf 83' lang='lat' dir='ltr'>causa</span> <span class='ocrx_word' id='word_1_31' title='bbox 547 703 613 756; x_wconf 92' lang='lat' dir='ltr'>sit</span> <span class='ocrx_word' id='word_1_32' title='bbox 644 703 789 757; x_wconf 87' lang='lat' dir='ltr'>exitii</span> <span class='ocrx_word' id='word_1_33' title='bbox 820 703 1036 756; x_wconf 88' lang='lat' dir='ltr'>dextera</span> <span class='ocrx_word' id='word_1_34' title='bbox 1064 704 1206 757; x_wconf 87' lang='lat' dir='ltr'>laesa</span> <span class='ocrx_word' id='word_1_35' title='bbox 1235 705 1327 756; x_wconf 91' lang='lat' dir='ltr'>tui.</span> 
     </span>
     <span class='ocr_line' id='line_1_7' title="bbox 170 774 1753 845; baseline -0.003 -14"><span class='ocrx_word' id='word_1_36' title='bbox 170 793 252 831; x_wconf 83' lang='lat'>525</span> <span class='ocrx_word' id='word_1_37' title='bbox 285 785 447 844; x_wconf 89' lang='lat' dir='ltr'>utque</span> <span class='ocrx_word' id='word_1_38' title='bbox 478 774 905 844; x_wconf 84' lang='lat' dir='ltr'><strong>Agamemnonio</strong></span> <span class='ocrx_word' id='word_1_39' title='bbox 937 775 1128 827; x_wconf 91' lang='lat' dir='ltr'>vulnus</span> <span class='ocrx_word' id='word_1_40' title='bbox 1160 775 1304 827; x_wconf 85' lang='lat' dir='ltr'>dedit</span> <span class='ocrx_word' id='word_1_41' title='bbox 1335 776 1524 845; x_wconf 83' lang='lat' dir='ltr'>anguis</span> <span class='ocrx_word' id='word_1_42' title='bbox 1556 774 1753 839; x_wconf 83' lang='lat' dir='ltr'>Oresti,</span> 
     </span>
     <span class='ocr_line' id='line_1_8' title="bbox 353 845 1598 913; baseline 0.002 -16"><span class='ocrx_word' id='word_1_43' title='bbox 353 859 411 898; x_wconf 90' lang='lat' dir='ltr'>tu</span> <span class='ocrx_word' id='word_1_44' title='bbox 442 863 654 913; x_wconf 89' lang='lat' dir='ltr'>quoque</span> <span class='ocrx_word' id='word_1_45' title='bbox 686 845 751 898; x_wconf 93' lang='lat' dir='ltr'>de</span> <span class='ocrx_word' id='word_1_46' title='bbox 781 863 959 897; x_wconf 88' lang='lat' dir='ltr'>morsu</span> <span class='ocrx_word' id='word_1_47' title='bbox 990 845 1133 897; x_wconf 90' lang='lat' dir='ltr'>virus</span> <span class='ocrx_word' id='word_1_48' title='bbox 1163 846 1391 898; x_wconf 82' lang='lat' dir='ltr'>habente</span> <span class='ocrx_word' id='word_1_49' title='bbox 1424 847 1598 899; x_wconf 77' lang='lat' dir='ltr'>cadas·</span> 
     </span>
     <span class='ocr_line' id='line_1_9' title="bbox 284 915 1578 985; baseline 0.002 -17"><span class='ocrx_word' id='word_1_50' title='bbox 284 917 348 969; x_wconf 89' lang='lat' dir='ltr'>sit</span> <span class='ocrx_word' id='word_1_51' title='bbox 379 916 474 968; x_wconf 86' lang='lat' dir='ltr'>tibi</span> <span class='ocrx_word' id='word_1_52' title='bbox 505 915 737 985; x_wconf 90' lang='lat' dir='ltr'>coniugii</span> <span class='ocrx_word' id='word_1_53' title='bbox 767 934 874 968; x_wconf 88' lang='lat' dir='ltr'>nox</span> <span class='ocrx_word' id='word_1_54' title='bbox 903 916 1073 985; x_wconf 89' lang='lat' dir='ltr'>prima</span> <span class='ocrx_word' id='word_1_55' title='bbox 1101 916 1387 968; x_wconf 87' lang='lat' dir='ltr'>novissima</span> <span class='ocrx_word' id='word_1_56' title='bbox 1416 917 1578 970; x_wconf 83' lang='lat' dir='ltr'>vitae:</span> 
     </span>
     <span class='ocr_line' id='line_1_10' title="bbox 353 986 1537 1057; baseline 0.001 -19"><span class='ocrx_word' id='word_1_57' title='bbox 353 986 576 1056; x_wconf 84' lang='lat' dir='ltr'>Eupolis</span> <span class='ocrx_word' id='word_1_58' title='bbox 606 986 708 1039; x_wconf 93' lang='lat' dir='ltr'>hoc</span> <span class='ocrx_word' id='word_1_59' title='bbox 737 986 892 1057; x_wconf 87' lang='lat' dir='ltr'>periit</span> <span class='ocrx_word' id='word_1_60' title='bbox 922 996 974 1039; x_wconf 88' lang='lat' dir='ltr'>et</span> <span class='ocrx_word' id='word_1_61' title='bbox 1002 1005 1140 1039; x_wconf 89' lang='lat' dir='ltr'>nova</span> <span class='ocrx_word' id='word_1_62' title='bbox 1169 996 1334 1056; x_wconf 87' lang='lat' dir='ltr'>nupta</span> <span class='ocrx_word' id='word_1_63' title='bbox 1363 988 1537 1040; x_wconf 90' lang='lat' dir='ltr'>modo.</span> 
     </span>
     <span class='ocr_line' id='line_1_11' title="bbox 157 1057 1742 1127; baseline -0.001 -15"><span class='ocrx_word' id='word_1_64' title='bbox 157 1109 160 1113; x_wconf 86' lang='grc'>,</span> <span class='ocrx_word' id='word_1_65' title='bbox 285 1067 448 1126; x_wconf 88' lang='lat' dir='ltr'>utque</span> <span class='ocrx_word' id='word_1_66' title='bbox 480 1066 814 1110; x_wconf 90' lang='lat' dir='ltr'>coturnatum</span> <span class='ocrx_word' id='word_1_67' title='bbox 845 1057 1093 1110; x_wconf 89' lang='lat' dir='ltr'>cecidisse</span> <span class='ocrx_word' id='word_1_68' title='bbox 1124 1057 1482 1127; x_wconf 82' lang='lat' dir='ltr'>Lycophrona</span> <span class='ocrx_word' id='word_1_69' title='bbox 1511 1067 1742 1122; x_wconf 87' lang='lat' dir='ltr'>narrant,</span> 
     </span>
     <span class='ocr_line' id='line_1_12' title="bbox 172 1128 1340 1198; baseline -0.003 -14"><span class='ocrx_word' id='word_1_70' title='bbox 172 1145 255 1184; x_wconf 87' lang='lat'>530</span> <span class='ocrx_word' id='word_1_71' title='bbox 356 1129 570 1182; x_wconf 83' lang='lat' dir='ltr'>haereat</span> <span class='ocrx_word' id='word_1_72' title='bbox 599 1128 655 1180; x_wconf 89' lang='lat' dir='ltr'>in</span> <span class='ocrx_word' id='word_1_73' title='bbox 683 1128 829 1181; x_wconf 87' lang='lat' dir='ltr'>fibris</span> <span class='ocrx_word' id='word_1_74' title='bbox 859 1128 965 1180; x_wconf 87' lang='lat' dir='ltr'>fixa</span> <span class='ocrx_word' id='word_1_75' title='bbox 995 1128 1189 1198; x_wconf 85' lang='lat' dir='ltr'>sagitta</span> <span class='ocrx_word' id='word_1_76' title='bbox 1218 1129 1340 1181; x_wconf 87' lang='lat' dir='ltr'>tuis.</span> 
     </span>
     <span class='ocr_line' id='line_1_13' title="bbox 285 1198 1603 1269; baseline 0.001 -18"><span class='ocrx_word' id='word_1_77' title='bbox 285 1208 376 1251; x_wconf 85' lang='lat' dir='ltr'>aut</span> <span class='ocrx_word' id='word_1_78' title='bbox 405 1200 547 1252; x_wconf 89' lang='lat' dir='ltr'>lacer</span> <span class='ocrx_word' id='word_1_79' title='bbox 571 1198 627 1250; x_wconf 91' lang='lat' dir='ltr'>in</span> <span class='ocrx_word' id='word_1_80' title='bbox 656 1198 791 1253; x_wconf 89' lang='lat' dir='ltr'>silva</span> <span class='ocrx_word' id='word_1_81' title='bbox 820 1199 1078 1252; x_wconf 73' lang='lat' dir='ltr'>manibus·</span> <span class='ocrx_word' id='word_1_82' title='bbox 1096 1218 1344 1269; x_wconf 81' lang='lat' dir='ltr'>spargare</span> <span class='ocrx_word' id='word_1_83' title='bbox 1375 1208 1603 1263; x_wconf 90' lang='lat' dir='ltr'>tuorum,</span> 
     </span>
     <span class='ocr_line' id='line_1_14' title="bbox 357 1270 1587 1340; baseline 0.002 -18"><span class='ocrx_word' id='word_1_84' title='bbox 357 1289 569 1340; x_wconf 90' lang='lat' dir='ltr'>sparsus</span> <span class='ocrx_word' id='word_1_85' title='bbox 601 1279 658 1324; x_wconf 89' lang='lat' dir='ltr'>ut</span> <span class='ocrx_word' id='word_1_86' title='bbox 691 1280 769 1323; x_wconf 83' lang='lat' dir='ltr'>est</span> <span class='ocrx_word' id='word_1_87' title='bbox 799 1270 998 1323; x_wconf 86' lang='lat' dir='ltr'>Thebis</span> <span class='ocrx_word' id='word_1_88' title='bbox 1029 1289 1203 1340; x_wconf 88' lang='lat' dir='ltr'>angue</span> <span class='ocrx_word' id='word_1_89' title='bbox 1235 1279 1439 1323; x_wconf 87' lang='lat' dir='ltr'>creatus</span> <span class='ocrx_word' id='word_1_90' title='bbox 1470 1289 1587 1324; x_wconf 75' lang='lat' dir='ltr'>avo·</span> 
     </span>
     <span class='ocr_line' id='line_1_15' title="bbox 284 1341 1606 1424; baseline 0 -30"><span class='ocrx_word' id='word_1_91' title='bbox 284 1360 484 1410; x_wconf 87' lang='lat' dir='ltr'>perque</span> <span class='ocrx_word' id='word_1_92' title='bbox 514 1341 654 1394; x_wconf 87' lang='lat' dir='ltr'>feros</span> <span class='ocrx_word' id='word_1_93' title='bbox 685 1350 888 1394; x_wconf 90' lang='lat' dir='ltr'>montes</span> <span class='ocrx_word' id='word_1_94' title='bbox 919 1349 1069 1394; x_wconf 89' lang='lat' dir='ltr'>tauro</span> <span class='ocrx_word' id='word_1_95' title='bbox 1100 1342 1334 1424; x_wconf 83' lang='lat' dir='ltr'>rapiente</span> <span class='ocrx_word' id='word_1_96' title='bbox 1365 1341 1606 1405; x_wconf 85' lang='lat' dir='ltr'>traharis,</span> 
     </span>
     <span class='ocr_line' id='line_1_16' title="bbox 357 1412 1472 1483; baseline 0.002 -20"><span class='ocrx_word' id='word_1_97' title='bbox 357 1422 414 1463; x_wconf 94' lang='lat' dir='ltr'>ut</span> <span class='ocrx_word' id='word_1_98' title='bbox 445 1421 611 1465; x_wconf 90' lang='lat' dir='ltr'>tracta</span> <span class='ocrx_word' id='word_1_99' title='bbox 642 1422 723 1465; x_wconf 84' lang='lat' dir='ltr'>est</span> <span class='ocrx_word' id='word_1_100' title='bbox 751 1412 979 1465; x_wconf 90' lang='lat' dir='ltr'>coniunx</span> <span class='ocrx_word' id='word_1_101' title='bbox 1009 1413 1289 1482; x_wconf 90' lang='lat' dir='ltr'>imperiosa</span> <span class='ocrx_word' id='word_1_102' title='bbox 1319 1412 1472 1483; x_wconf 83' lang='lat' dir='ltr'>Lyci.</span> 
     </span>
     <span class='ocr_line' id='line_1_17' title="bbox 173 1482 1634 1552; baseline 0.002 -18"><span class='ocrx_word' id='word_1_103' title='bbox 173 1499 253 1539; x_wconf 81' lang='lat'>535</span> <span class='ocrx_word' id='word_1_104' title='bbox 287 1482 533 1550; x_wconf 90' lang='lat' dir='ltr'>quodque</span> <span class='ocrx_word' id='word_1_105' title='bbox 566 1502 691 1536; x_wconf 88' lang='lat' dir='ltr'>suae</span> <span class='ocrx_word' id='word_1_106' title='bbox 722 1502 877 1552; x_wconf 88' lang='lat' dir='ltr'>passa</span> <span class='ocrx_word' id='word_1_107' title='bbox 909 1492 988 1535; x_wconf 86' lang='lat' dir='ltr'>est</span> <span class='ocrx_word' id='word_1_108' title='bbox 1016 1484 1205 1552; x_wconf 83' lang='lat' dir='ltr'>paelex</span> <span class='ocrx_word' id='word_1_109' title='bbox 1233 1483 1397 1536; x_wconf 90' lang='lat' dir='ltr'>invita</span> <span class='ocrx_word' id='word_1_110' title='bbox 1427 1485 1634 1548; x_wconf 77' lang='lat' dir='ltr'>sororiS,</span> 
     </span>
     <span class='ocr_line' id='line_1_18' title="bbox 357 1553 1513 1623; baseline 0.001 -18"><span class='ocrx_word' id='word_1_111' title='bbox 357 1553 563 1606; x_wconf 83' lang='lat' dir='ltr'>excidat</span> <span class='ocrx_word' id='word_1_112' title='bbox 594 1563 713 1606; x_wconf 92' lang='lat' dir='ltr'>ante</span> <span class='ocrx_word' id='word_1_113' title='bbox 745 1554 905 1622; x_wconf 91' lang='lat' dir='ltr'>pedes</span> <span class='ocrx_word' id='word_1_114' title='bbox 935 1553 1118 1623; x_wconf 88' lang='lat' dir='ltr'>lingua</span> <span class='ocrx_word' id='word_1_115' title='bbox 1147 1563 1348 1607; x_wconf 87' lang='lat' dir='ltr'>resecta</span> <span class='ocrx_word' id='word_1_116' title='bbox 1377 1563 1513 1607; x_wconf 88' lang='lat' dir='ltr'>tuos.</span> 
     </span>
     <span class='ocr_line' id='line_1_19' title="bbox 288 1624 1734 1706; baseline 0.002 -30"><span class='ocrx_word' id='word_1_117' title='bbox 288 1624 526 1676; x_wconf 89' lang='lat' dir='ltr'>conditor</span> <span class='ocrx_word' id='word_1_118' title='bbox 556 1633 615 1676; x_wconf 87' lang='lat' dir='ltr'>ut</span> <span class='ocrx_word' id='word_1_119' title='bbox 645 1625 868 1706; x_wconf 86' lang='lat' dir='ltr'>tardae,</span> <span class='ocrx_word' id='word_1_120' title='bbox 883 1624 1141 1677; x_wconf 81' lang='lat' dir='ltr'>‘blaesus</span> <span class='ocrx_word' id='word_1_121' title='bbox 1174 1625 1510 1694; x_wconf 84' lang='lat' dir='ltr'>cognomine,</span> <span class='ocrx_word' id='word_1_122' title='bbox 1544 1625 1734 1696; x_wconf 88' lang='lat' dir='ltr'>Cyrae,</span> 
     </span>
     <span class='ocr_line' id='line_1_20' title="bbox 358 1694 1371 1748; baseline 0.002 -2"><span class='ocrx_word' id='word_1_123' title='bbox 358 1695 542 1747; x_wconf 89' lang='lat' dir='ltr'>orbis</span> <span class='ocrx_word' id='word_1_124' title='bbox 528 1715 582 1746; x_wconf 91' lang='lat' dir='ltr'>1n</span> <span class='ocrx_word' id='word_1_125' title='bbox 611 1694 898 1748; x_wconf 89' lang='lat' dir='ltr'>innumeris</span> <span class='ocrx_word' id='word_1_126' title='bbox 929 1695 1196 1748; x_wconf 88' lang='lat' dir='ltr'>inveniare</span> <span class='ocrx_word' id='word_1_127' title='bbox 1226 1696 1371 1748; x_wconf 90' lang='lat' dir='ltr'>locis.</span> 
     </span>
     <span class='ocr_line' id='line_1_21' title="bbox 215 1765 1543 1835; baseline 0.002 -19"><span class='ocrx_word' id='word_1_128' title='bbox 215 1814 218 1816; x_wconf 84' lang='lat'>.</span> <span class='ocrx_word' id='word_1_129' title='bbox 283 1765 441 1833; x_wconf 86' lang='lat' dir='ltr'>inque</span> <span class='ocrx_word' id='word_1_130' title='bbox 473 1766 575 1817; x_wconf 88' lang='lat' dir='ltr'>tuis</span> <span class='ocrx_word' id='word_1_131' title='bbox 608 1765 809 1835; x_wconf 86' lang='lat' dir='ltr'>opifex,</span> <span class='ocrx_word' id='word_1_132' title='bbox 842 1766 949 1818; x_wconf 85' lang='lat' dir='ltr'>vati</span> <span class='ocrx_word' id='word_1_133' title='bbox 978 1767 1121 1834; x_wconf 88' lang='lat' dir='ltr'>quod</span> <span class='ocrx_word' id='word_1_134' title='bbox 1151 1766 1276 1819; x_wconf 85' lang='lat' dir='ltr'>fecit</span> <span class='ocrx_word' id='word_1_135' title='bbox 1305 1766 1543 1830; x_wconf 78' lang='lat' dir='ltr'>Achaeo,</span> 
     </span>
     <span class='ocr_line' id='line_1_22' title="bbox 171 1836 1442 1906; baseline -0.002 -15"><span class='ocrx_word' id='word_1_136' title='bbox 171 1853 253 1891; x_wconf 87' lang='grc'>540</span> <span class='ocrx_word' id='word_1_137' title='bbox 355 1836 512 1887; x_wconf 84' lang='lat' dir='ltr'>noxia</span> <span class='ocrx_word' id='word_1_138' title='bbox 542 1836 828 1888; x_wconf 87' lang='lat' dir='ltr'>luminibus</span> <span class='ocrx_word' id='word_1_139' title='bbox 859 1837 1062 1905; x_wconf 89' lang='lat' dir='ltr'>spicula</span> <span class='ocrx_word' id='word_1_140' title='bbox 1092 1837 1283 1889; x_wconf 90' lang='lat' dir='ltr'>condat</span> <span class='ocrx_word' id='word_1_141' title='bbox 1313 1838 1442 1906; x_wconf 89' lang='lat' dir='ltr'>apis.</span> 
     </span>
     <span class='ocr_line' id='line_1_23' title="bbox 283 1906 1443 1975; baseline 0.002 -18"><span class='ocrx_word' id='word_1_142' title='bbox 283 1906 420 1958; x_wconf 85' lang='lat' dir='ltr'>fixus</span> <span class='ocrx_word' id='word_1_143' title='bbox 454 1916 502 1958; x_wconf 90' lang='lat' dir='ltr'>et</span> <span class='ocrx_word' id='word_1_144' title='bbox 533 1907 588 1957; x_wconf 90' lang='lat' dir='ltr'>in</span> <span class='ocrx_word' id='word_1_145' title='bbox 619 1907 762 1959; x_wconf 89' lang='lat' dir='ltr'>duris</span> <span class='ocrx_word' id='word_1_146' title='bbox 795 1907 1023 1975; x_wconf 88' lang='lat' dir='ltr'>carparis</span> <span class='ocrx_word' id='word_1_147' title='bbox 1054 1907 1255 1959; x_wconf 88' lang='lat' dir='ltr'>viscera</span> <span class='ocrx_word' id='word_1_148' title='bbox 1286 1907 1443 1970; x_wconf 76' lang='lat' dir='ltr'>saxiS,</span> 
     </span>
     <span class='ocr_line' id='line_1_24' title="bbox 358 1977 1385 2046; baseline 0.002 -18"><span class='ocrx_word' id='word_1_149' title='bbox 358 1987 417 2028; x_wconf 91' lang='lat' dir='ltr'>ut</span> <span class='ocrx_word' id='word_1_150' title='bbox 449 1977 533 2028; x_wconf 84' lang='lat' dir='ltr'>cui</span> <span class='ocrx_word' id='word_1_151' title='bbox 563 1977 772 2046; x_wconf 88' lang='lat' dir='ltr'>Pyrrha</span> <span class='ocrx_word' id='word_1_152' title='bbox 802 1978 883 2029; x_wconf 88' lang='lat' dir='ltr'>sui</span> <span class='ocrx_word' id='word_1_153' title='bbox 913 1977 1022 2029; x_wconf 88' lang='lat' dir='ltr'>filia</span> <span class='ocrx_word' id='word_1_154' title='bbox 1052 1977 1226 2030; x_wconf 88' lang='lat' dir='ltr'>fratris</span> <span class='ocrx_word' id='word_1_155' title='bbox 1258 1987 1385 2031; x_wconf 86' lang='lat' dir='ltr'>erat.</span> 
     </span>
     <span class='ocr_line' id='line_1_25' title="bbox 283 2048 1647 2130; baseline 0.002 -31"><span class='ocrx_word' id='word_1_156' title='bbox 283 2055 341 2099; x_wconf 91' lang='lat' dir='ltr'>ut</span> <span class='ocrx_word' id='word_1_157' title='bbox 356 2067 502 2130; x_wconf 41' lang='lat' dir='ltr'>’puer</span> <span class='ocrx_word' id='word_1_158' title='bbox 532 2049 866 2130; x_wconf 78' lang='lat' dir='ltr'>Harpalyces</span> <span class='ocrx_word' id='word_1_159' title='bbox 898 2048 1095 2101; x_wconf 89' lang='lat' dir='ltr'>referas</span> <span class='ocrx_word' id='word_1_160' title='bbox 1127 2049 1370 2119; x_wconf 82' lang='lat' dir='ltr'>exempla</span> <span class='ocrx_word' id='word_1_161' title='bbox 1399 2049 1647 2120; x_wconf 87' lang='lat' dir='ltr'>Thyestis</span> 
     </span>
     <span class='ocr_line' id='line_1_26' title="bbox 354 2119 1396 2189; baseline 0.003 -19"><span class='ocrx_word' id='word_1_162' title='bbox 354 2119 512 2186; x_wconf 88' lang='lat' dir='ltr'>inque</span> <span class='ocrx_word' id='word_1_163' title='bbox 544 2119 619 2170; x_wconf 89' lang='lat' dir='ltr'>tui</span> <span class='ocrx_word' id='word_1_164' title='bbox 651 2138 848 2171; x_wconf 88' lang='lat' dir='ltr'>caesus</span> <span class='ocrx_word' id='word_1_165' title='bbox 867 2119 1068 2172; x_wconf 90' lang='lat' dir='ltr'>viscera</span> <span class='ocrx_word' id='word_1_166' title='bbox 1098 2120 1260 2189; x_wconf 90' lang='lat' dir='ltr'>patris</span> <span class='ocrx_word' id='word_1_167' title='bbox 1292 2139 1396 2173; x_wconf 87' lang='lat' dir='ltr'>eas.</span> 
     </span>
     <span class='ocr_line' id='line_1_27' title="bbox 170 2190 1565 2260; baseline 0.001 -17"><span class='ocrx_word' id='word_1_168' title='bbox 170 2205 250 2244; x_wconf 79' lang='grc'>545</span> <span class='ocrx_word' id='word_1_169' title='bbox 283 2197 468 2241; x_wconf 88' lang='lat' dir='ltr'>trunca</span> <span class='ocrx_word' id='word_1_170' title='bbox 498 2208 652 2259; x_wconf 73' lang='lat' dir='ltr'>gelas</span> <span class='ocrx_word' id='word_1_171' title='bbox 685 2208 843 2242; x_wconf 85' lang='lat' dir='ltr'>saevo</span> <span class='ocrx_word' id='word_1_172' title='bbox 873 2190 1125 2243; x_wconf 89' lang='lat' dir='ltr'>mutilatis</span> <span class='ocrx_word' id='word_1_173' title='bbox 1155 2191 1391 2260; x_wconf 89' lang='lat' dir='ltr'>partibus</span> <span class='ocrx_word' id='word_1_174' title='bbox 1423 2210 1565 2255; x_wconf 89' lang='grc'>61186,</span> 
     </span>
     <span class='ocr_line' id='line_1_28' title="bbox 356 2260 1543 2328; baseline 0.003 -17"><span class='ocrx_word' id='word_1_175' title='bbox 356 2260 534 2328; x_wconf 87' lang='lat' dir='ltr'>qualia.</span> <span class='ocrx_word' id='word_1_176' title='bbox 561 2261 858 2313; x_wconf 87' lang='lat' dir='ltr'>Mamertae</span> <span class='ocrx_word' id='word_1_177' title='bbox 890 2262 1128 2314; x_wconf 90' lang='lat' dir='ltr'>membra</span> <span class='ocrx_word' id='word_1_178' title='bbox 1156 2262 1319 2315; x_wconf 90' lang='lat' dir='ltr'>fuisse</span> <span class='ocrx_word' id='word_1_179' title='bbox 1350 2262 1543 2315; x_wconf 87' lang='lat' dir='ltr'>ferunt.</span> 
     </span>
     <span class='ocr_line' id='line_1_29' title="bbox 284 2330 1522 2413; baseline 0.003 -31"><span class='ocrx_word' id='word_1_180' title='bbox 284 2340 447 2398; x_wconf 88' lang='lat' dir='ltr'>utque</span> <span class='ocrx_word' id='word_1_181' title='bbox 480 2330 762 2413; x_wconf 79' lang='lat' dir='ltr'>Syracosio</span> <span class='ocrx_word' id='word_1_182' title='bbox 793 2332 1102 2400; x_wconf 86' lang='lat' dir='ltr'>praestricta</span> <span class='ocrx_word' id='word_1_183' title='bbox 1133 2332 1286 2385; x_wconf 90' lang='lat' dir='ltr'>fauce</span> <span class='ocrx_word' id='word_1_184' title='bbox 1317 2342 1522 2403; x_wconf 88' lang='lat' dir='ltr'>poetae,</span> 
     </span>
     <span class='ocr_line' id='line_1_30' title="bbox 356 2402 1478 2471; baseline 0.004 -19.004"><span class='ocrx_word' id='word_1_185' title='bbox 356 2403 429 2453; x_wconf 87' lang='lat' dir='ltr'>sic</span> <span class='ocrx_word' id='word_1_186' title='bbox 461 2402 666 2454; x_wconf 90' lang='lat' dir='ltr'>animae</span> <span class='ocrx_word' id='word_1_187' title='bbox 696 2403 885 2471; x_wconf 88' lang='lat' dir='ltr'>laqueo</span> <span class='ocrx_word' id='word_1_188' title='bbox 917 2403 984 2454; x_wconf 91' lang='lat' dir='ltr'>sit</span> <span class='ocrx_word' id='word_1_189' title='bbox 1013 2402 1100 2455; x_wconf 91' lang='lat' dir='ltr'>via</span> <span class='ocrx_word' id='word_1_190' title='bbox 1130 2403 1308 2456; x_wconf 88' lang='lat' dir='ltr'>clausa</span> <span class='ocrx_word' id='word_1_191' title='bbox 1338 2412 1478 2456; x_wconf 89' lang='lat' dir='ltr'>tuae.</span> 
     </span>
     <span class='ocr_line' id='line_1_31' title="bbox 283 2472 1506 2543; baseline 0.003 -20"><span class='ocrx_word' id='word_1_192' title='bbox 283 2473 492 2524; x_wconf 85' lang='lat' dir='ltr'>nudave</span> <span class='ocrx_word' id='word_1_193' title='bbox 524 2472 729 2541; x_wconf 87' lang='lat' dir='ltr'>direpta</span> <span class='ocrx_word' id='word_1_194' title='bbox 758 2481 972 2542; x_wconf 88' lang='lat' dir='ltr'>pateant</span> <span class='ocrx_word' id='word_1_195' title='bbox 1002 2482 1094 2526; x_wconf 84' lang='lat' dir='ltr'>tua</span> <span class='ocrx_word' id='word_1_196' title='bbox 1123 2474 1323 2527; x_wconf 89' lang='lat' dir='ltr'>viscera</span> <span class='ocrx_word' id='word_1_197' title='bbox 1352 2475 1506 2543; x_wconf 89' lang='lat' dir='ltr'>pelle,</span> 
     </span>
     <span class='ocr_line' id='line_1_32' title="bbox 172 2543 1597 2612; baseline 0.001 -16"><span class='ocrx_word' id='word_1_198' title='bbox 172 2557 255 2596; x_wconf 87' lang='grc'>550</span> <span class='ocrx_word' id='word_1_199' title='bbox 358 2553 414 2594; x_wconf 91' lang='lat' dir='ltr'>ut</span> <span class='ocrx_word' id='word_1_200' title='bbox 446 2543 743 2612; x_wconf 87' lang='lat' dir='ltr'>Phrygium</span> <span class='ocrx_word' id='word_1_201' title='bbox 775 2544 922 2595; x_wconf 91' lang='lat' dir='ltr'>cuius</span> <span class='ocrx_word' id='word_1_202' title='bbox 953 2543 1167 2596; x_wconf 89' lang='lat' dir='ltr'>nomina</span> <span class='ocrx_word' id='word_1_203' title='bbox 1196 2545 1392 2597; x_wconf 89' lang='lat' dir='ltr'>flumen</span> <span class='ocrx_word' id='word_1_204' title='bbox 1423 2544 1597 2597; x_wconf 88' lang='lat' dir='ltr'>habet.</span> 
     </span>
     <span class='ocr_line' id='line_1_33' title="bbox 287 2613 1386 2677; baseline 0.002 -12"><span class='ocrx_word' id='word_1_205' title='bbox 287 2614 533 2666; x_wconf 74' lang='lat' dir='ltr'>saxificae</span> <span class='ocrx_word' id='word_1_206' title='bbox 563 2613 744 2665; x_wconf 87' lang='lat' dir='ltr'>videas</span> <span class='ocrx_word' id='word_1_207' title='bbox 775 2613 959 2666; x_wconf 85' lang='lat' dir='ltr'>infelix</span> <span class='ocrx_word' id='word_1_208' title='bbox 990 2633 1080 2667; x_wconf 90' lang='lat' dir='ltr'>ora</span> <span class='ocrx_word' id='word_1_209' title='bbox 1109 2615 1386 2677; x_wconf 87' lang='lat' dir='ltr'>Medusae,</span> 
     </span>
     <span class='ocr_line' id='line_1_34' title="bbox 360 2683 1534 2753; baseline 0.003 -18"><span class='ocrx_word' id='word_1_210' title='bbox 360 2683 674 2753; x_wconf 84' lang='lat' dir='ltr'>Cephenum</span> <span class='ocrx_word' id='word_1_211' title='bbox 703 2685 896 2737; x_wconf 88' lang='lat' dir='ltr'>multos</span> <span class='ocrx_word' id='word_1_212' title='bbox 927 2703 1062 2753; x_wconf 89' lang='lat' dir='ltr'>quae</span> <span class='ocrx_word' id='word_1_213' title='bbox 1094 2685 1237 2739; x_wconf 91' lang='lat' dir='ltr'>dedit</span> <span class='ocrx_word' id='word_1_214' title='bbox 1265 2705 1373 2738; x_wconf 90' lang='lat' dir='ltr'>una</span> <span class='ocrx_word' id='word_1_215' title='bbox 1402 2686 1534 2739; x_wconf 90' lang='lat' dir='ltr'>neci.</span> 
     </span>
     <span class='ocr_line' id='line_1_35' title="bbox 282 2755 1775 2837; baseline 0.003 -31"><span class='ocrx_word' id='word_1_216' title='bbox 282 2755 605 2807; x_wconf 84' lang='lat' dir='ltr'>Potniadum</span> <span class='ocrx_word' id='word_1_217' title='bbox 635 2773 840 2837; x_wconf 79' lang='lat' dir='ltr'>morsus</span> <span class='ocrx_word' id='word_1_218' title='bbox 871 2756 1087 2819; x_wconf 87' lang='lat' dir='ltr'>subeas,</span> <span class='ocrx_word' id='word_1_219' title='bbox 1118 2765 1176 2808; x_wconf 92' lang='lat' dir='ltr'>ut</span> <span class='ocrx_word' id='word_1_220' title='bbox 1208 2755 1471 2820; x_wconf 77' lang='lat' dir='ltr'>GlaucUS,</span> <span class='ocrx_word' id='word_1_221' title='bbox 1504 2774 1775 2826; x_wconf 90' lang='lat' dir='ltr'>equarum,</span> 
     </span>
     <span class='ocr_line' id='line_1_36' title="bbox 354 2825 1673 2896; baseline 0.002 -19"><span class='ocrx_word' id='word_1_222' title='bbox 354 2826 514 2893; x_wconf 88' lang='lat' dir='ltr'>inque</span> <span class='ocrx_word' id='word_1_223' title='bbox 545 2825 702 2878; x_wconf 86' lang='lat' dir='ltr'>maris</span> <span class='ocrx_word' id='word_1_224' title='bbox 735 2826 915 2889; x_wconf 77' lang='lat' dir='ltr'>saliaS,</span> <span class='ocrx_word' id='word_1_225' title='bbox 948 2826 1187 2880; x_wconf 84' lang='lat' dir='ltr'>Glaucus</span> <span class='ocrx_word' id='word_1_226' title='bbox 1218 2836 1277 2880; x_wconf 88' lang='lat' dir='ltr'>ut</span> <span class='ocrx_word' id='word_1_227' title='bbox 1307 2828 1460 2890; x_wconf 89' lang='lat' dir='ltr'>alter,</span> <span class='ocrx_word' id='word_1_228' title='bbox 1493 2846 1673 2896; x_wconf 88' lang='lat' dir='ltr'>aquas.</span> 
     </span>
     <span class='ocr_line' id='line_1_37' title="bbox 170 2897 1712 2965; baseline -0.001 -12"><span class='ocrx_word' id='word_1_229' title='bbox 170 2914 250 2953; x_wconf 85' lang='lat'>555</span> <span class='ocrx_word' id='word_1_230' title='bbox 284 2905 446 2965; x_wconf 88' lang='lat' dir='ltr'>utque</span> <span class='ocrx_word' id='word_1_231' title='bbox 478 2897 686 2949; x_wconf 89' lang='lat' dir='ltr'>duobus</span> <span class='ocrx_word' id='word_1_232' title='bbox 716 2897 858 2950; x_wconf 91' lang='lat' dir='ltr'>idem</span> <span class='ocrx_word' id='word_1_233' title='bbox 889 2898 1040 2950; x_wconf 87' lang='lat' dir='ltr'>dictis</span> <span class='ocrx_word' id='word_1_234' title='bbox 1071 2898 1228 2951; x_wconf 91' lang='lat' dir='ltr'>modo</span> <span class='ocrx_word' id='word_1_235' title='bbox 1257 2916 1451 2952; x_wconf 90' lang='lat' dir='ltr'>nomen</span> <span class='ocrx_word' id='word_1_236' title='bbox 1482 2899 1712 2962; x_wconf 89' lang='lat' dir='ltr'>habenti,</span> 
     </span>
     <span class='ocr_line' id='line_1_38' title="bbox 354 2967 1504 3036; baseline 0.003 -16"><span class='ocrx_word' id='word_1_237' title='bbox 354 2967 660 3036; x_wconf 85' lang='lat' dir='ltr'>praefocent</span> <span class='ocrx_word' id='word_1_238' title='bbox 690 2968 895 3021; x_wconf 89' lang='lat' dir='ltr'>animae</span> <span class='ocrx_word' id='word_1_239' title='bbox 928 2967 1133 3022; x_wconf 84' lang='lat' dir='ltr'>Gnosia</span> <span class='ocrx_word' id='word_1_240' title='bbox 1162 2969 1319 3023; x_wconf 89' lang='lat' dir='ltr'>mella</span> <span class='ocrx_word' id='word_1_241' title='bbox 1348 2970 1504 3023; x_wconf 88' lang='lat' dir='ltr'>viam.</span> 
     </span>
     <span class='ocr_line' id='line_1_39' title="bbox 283 3039 1532 3109; baseline 0.002 -19"><span class='ocrx_word' id='word_1_242' title='bbox 283 3039 608 3107; x_wconf 91' lang='lat' dir='ltr'>sollicitoque</span> <span class='ocrx_word' id='word_1_243' title='bbox 638 3039 814 3103; x_wconf 89' lang='lat' dir='ltr'>bibas,</span> <span class='ocrx_word' id='word_1_244' title='bbox 845 3040 1014 3109; x_wconf 85' lang='lat' dir='ltr'>Anyti</span> <span class='ocrx_word' id='word_1_245' title='bbox 1045 3039 1374 3094; x_wconf 91' lang='lat' dir='ltr'>doctissimus</span> <span class='ocrx_word' id='word_1_246' title='bbox 1406 3042 1532 3093; x_wconf 90' lang='lat' dir='ltr'>olim</span> 
     </span>
     <span class='ocr_line' id='line_1_40' title="bbox 353 3109 1338 3179; baseline 0.003 -18"><span class='ocrx_word' id='word_1_247' title='bbox 353 3109 713 3179; x_wconf 91' lang='lat' dir='ltr'>inperturbato</span> <span class='ocrx_word' id='word_1_248' title='bbox 745 3111 888 3179; x_wconf 88' lang='lat' dir='ltr'>quod</span> <span class='ocrx_word' id='word_1_249' title='bbox 918 3111 1048 3163; x_wconf 89' lang='lat' dir='ltr'>bibit</span> <span class='ocrx_word' id='word_1_250' title='bbox 1081 3130 1170 3165; x_wconf 93' lang='lat' dir='ltr'>ore</span> <span class='ocrx_word' id='word_1_251' title='bbox 1201 3131 1338 3164; x_wconf 79' lang='grc'>16118.</span> 
     </span>
     <span class='ocr_line' id='line_1_41' title="bbox 282 3180 1714 3250; baseline 0.003 -19"><span class='ocrx_word' id='word_1_252' title='bbox 282 3198 380 3233; x_wconf 90' lang='grc'>1166</span> <span class='ocrx_word' id='word_1_253' title='bbox 411 3180 530 3243; x_wconf 87' lang='lat' dir='ltr'>tibi,</span> <span class='ocrx_word' id='word_1_254' title='bbox 563 3181 607 3234; x_wconf 89' lang='lat' dir='ltr'>si</span> <span class='ocrx_word' id='word_1_255' title='bbox 638 3181 767 3250; x_wconf 90' lang='lat' dir='ltr'>quid</span> <span class='ocrx_word' id='word_1_256' title='bbox 796 3201 964 3244; x_wconf 87' lang='lat' dir='ltr'>amas,</span> <span class='ocrx_word' id='word_1_257' title='bbox 999 3182 1202 3235; x_wconf 87' lang='lat' dir='ltr'>felicius</span> <span class='ocrx_word' id='word_1_258' title='bbox 1233 3184 1508 3235; x_wconf 87' lang='lat' dir='ltr'>Haemone</span> <span class='ocrx_word' id='word_1_259' title='bbox 1540 3181 1714 3236; x_wconf 85' lang='lat' dir='ltr'>cedat:</span> 
     </span>
     <span class='ocr_line' id='line_1_42' title="bbox 171 3252 1456 3322; baseline 0 -16"><span class='ocrx_word' id='word_1_260' title='bbox 171 3266 254 3306; x_wconf 88' lang='lat'>560</span> <span class='ocrx_word' id='word_1_261' title='bbox 355 3259 518 3319; x_wconf 88' lang='lat' dir='ltr'>utque</span> <span class='ocrx_word' id='word_1_262' title='bbox 550 3271 646 3305; x_wconf 89' lang='lat' dir='ltr'>sua</span> <span class='ocrx_word' id='word_1_263' title='bbox 675 3252 959 3306; x_wconf 89' lang='lat' dir='ltr'>Macareus</span> <span class='ocrx_word' id='word_1_264' title='bbox 969 3291 983 3315; x_wconf 90' lang='lat'>,</span> <span class='ocrx_word' id='word_1_265' title='bbox 1016 3253 1091 3305; x_wconf 90' lang='lat' dir='ltr'>sic</span> <span class='ocrx_word' id='word_1_266' title='bbox 1119 3253 1320 3322; x_wconf 90' lang='lat' dir='ltr'>potiare</span> <span class='ocrx_word' id='word_1_267' title='bbox 1351 3262 1456 3306; x_wconf 88' lang='lat' dir='ltr'>tua.</span> 
     </span>
     <span class='ocr_line' id='line_1_43' title="bbox 284 3321 1871 3390; baseline 0.003 -17"><span class='ocrx_word' id='word_1_268' title='bbox 284 3321 369 3374; x_wconf 90' lang='lat' dir='ltr'>vel</span> <span class='ocrx_word' id='word_1_269' title='bbox 400 3321 605 3385; x_wconf 75' lang='lat' dir='ltr'>videaS,</span> <span class='ocrx_word' id='word_1_270' title='bbox 638 3322 806 3390; x_wconf 91' lang='lat' dir='ltr'>quod,</span> <span class='ocrx_word' id='word_1_271' title='bbox 835 3322 942 3375; x_wconf 90' lang='lat' dir='ltr'>iam</span> <span class='ocrx_word' id='word_1_272' title='bbox 973 3340 1095 3375; x_wconf 89' lang='lat' dir='ltr'>cum</span> <span class='ocrx_word' id='word_1_273' title='bbox 1124 3323 1366 3376; x_wconf 86' lang='lat' dir='ltr'>flammae</span> <span class='ocrx_word' id='word_1_274' title='bbox 1397 3331 1588 3376; x_wconf 89' lang='lat' dir='ltr'>cuncta</span> <span class='ocrx_word' id='word_1_275' title='bbox 1617 3332 1871 3387; x_wconf 89' lang='lat' dir='ltr'>tenerent,</span> 
     </span>
     <span class='ocr_line' id='line_1_44' title="bbox 355 3393 1435 3476; baseline 0.004 -32"><span class='ocrx_word' id='word_1_276' title='bbox 355 3393 651 3445; x_wconf 90' lang='lat' dir='ltr'>Hectoreus</span> <span class='ocrx_word' id='word_1_277' title='bbox 682 3393 851 3461; x_wconf 90' lang='lat' dir='ltr'>patria</span> <span class='ocrx_word' id='word_1_278' title='bbox 881 3393 1010 3445; x_wconf 88' lang='lat' dir='ltr'>vidit</span> <span class='ocrx_word' id='word_1_279' title='bbox 1040 3394 1107 3446; x_wconf 90' lang='lat' dir='ltr'>ab</span> <span class='ocrx_word' id='word_1_280' title='bbox 1138 3411 1257 3447; x_wconf 89' lang='lat' dir='ltr'>arce</span> <span class='ocrx_word' id='word_1_281' title='bbox 1288 3413 1435 3476; x_wconf 87' lang='lat' dir='ltr'>puer.</span> 
     </span>
     <span class='ocr_line' id='line_1_45' title="bbox 287 3462 1671 3536; baseline 0.001 -20"><span class='ocrx_word' id='word_1_282' title='bbox 287 3462 544 3533; x_wconf 87' lang='lat' dir='ltr'>sanguine</span> <span class='ocrx_word' id='word_1_283' title='bbox 574 3463 766 3534; x_wconf 88' lang='lat' dir='ltr'>probra</span> <span class='ocrx_word' id='word_1_284' title='bbox 794 3463 935 3528; x_wconf 87' lang='lat' dir='ltr'>luas,</span> <span class='ocrx_word' id='word_1_285' title='bbox 967 3472 1026 3518; x_wconf 89' lang='lat' dir='ltr'>ut</span> <span class='ocrx_word' id='word_1_286' title='bbox 1055 3483 1154 3519; x_wconf 89' lang='lat' dir='ltr'>avo</span> <span class='ocrx_word' id='word_1_287' title='bbox 1183 3475 1418 3536; x_wconf 85' lang='lat' dir='ltr'>gemtore</span> <span class='ocrx_word' id='word_1_288' title='bbox 1450 3474 1671 3530; x_wconf 83' lang='lat' dir='ltr'>creatus,</span> 
     </span>
    </p>
   </div>
  </div>
 </body>
</html>
