2158 3906
491 345 805 394 TRISTIUM
836 345 958 391 LIB.
991 345 1049 392 V.
1082 346 1142 404 V,
1173 345 1397 404 63—V11‚
1428 347 1499 392 36.
1755 333 1854 387 191

145 456 252 504 tam
281 465 367 502 me
398 445 701 501 circumstat
731 447 1015 502 densorum
1045 447 1202 502 turba
1231 448 1507 501 malorum.

216 517 369 574 crede
398 517 552 580 mihi,
584 537 709 572 vero
740 528 819 573 est
847 527 1027 572 nostra
1056 519 1272 587 querela
1301 518 1487 572 minor.

144 589 225 645 his
254 588 345 660 qui
375 597 651 643 contentus
681 608 786 643 non
818 598 920 653 est,
952 590 1005 642 in
1035 590 1158 643 litus
1189 590 1430 652 harenae,

214 661 268 714 in
300 657 549 714 Cererem
580 660 776 730 spicas,
806 660 860 713 in
890 679 1035 713 mare
1066 660 1254 714 fundat
1284 657 1473 730 aquas!

143 729 537 802 intempestivos
566 730 729 801 igitur
758 748 1033 801 compesce
1064 739 1314 794 tumores,
1887 745 1944 785 45

215 801 334 857 vela
361 818 460 857 nec
487 800 544 855 in
573 801 748 856 medio
779 801 961 857 desere
990 811 1170 855 nostra
1199 801 1347 855 mari.

929 915 1060 970 VII.

145 1013 324 1083 Quam
354 1015 402 1069 le
444 1013 512 1079 's,
543 1032 608 1069 ex
638 1013 729 1067 illa
757 1013 854 1067 tibi
883 1014 1027 1068 venit
1058 1014 1284 1084 epistula
1313 1023 1469 1077 terra,

51 1130 69 1145 ,
213 1086 351 1139 latus
381 1103 417 1139 u
456 1084 475 1138 i
505 1085 779 1154 aequoreis
811 1085 1021 1139 additur
1049 1085 1234 1139 Hister
1263 1084 1434 1154 aquis.

52 1165 65 1186 ²⁴
145 1155 188 1212 si
218 1156 313 1210 tibi
344 1156 623 1226 contigerit
653 1174 775 1210 cum
806 1156 947 1210 dulci
976 1156 1085 1209 vita
1115 1156 1300 1217 salute,

55 1273 58 1278 .
215 1227 440 1281 candida
469 1201 714 1281 fortunae
743 1246 867 1298 pars
897 1235 1073 1281 manet
1104 1245 1211 1279 una
1240 1244 1407 1279 meae.

10 1315 11 1363 j
51 1299 66 1338 ⁵-
145 1298 366 1362 scilicet,
396 1307 456 1352 ut
487 1316 716 1369 semper,
749 1297 879 1367 quid
908 1315 1089 1368 agam,
1122 1296 1412 1358 carissime,
1448 1294 1691 1365 quaeris?
1886 1314 1914 1352 5

216 1369 457 1439 quamvis
486 1368 587 1423 hoc
616 1369 701 1423 vel
731 1387 816 1423 me
847 1367 980 1422 scire
1010 1376 1217 1421 tacente
1246 1376 1414 1437 potes.

58 1439 69 1486 ἶ1
145 1459 264 1494 sum
294 1440 467 1495 miser.
527 1440 660 1493 haec
690 1438 864 1493 brevis
895 1447 975 1492 est
1004 1447 1303 1491 nostrorum
1334 1456 1543 1491 summa
1573 1436 1857 1490 malorum:

12 1554 13 1561 ,
56 1502 65 1521 '
215 1511 454 1580 quisquis
485 1519 537 1565 et
565 1510 768 1564 offenso
800 1507 1030 1563 Caesare
1062 1508 1226 1572 vivet,
1258 1508 1370 1562 erit.

12 1594 13 1602 ¹
55 1579 67 1653 ’ζ
144 1582 299 1636 turba
327 1582 641 1635 Tomitanae
671 1598 809 1650 quae
840 1580 906 1633 sit
935 1578 1167 1650 regionis
1198 1587 1250 1633 et
1279 1578 1415 1633 inter

214 1670 347 1723 quos
377 1651 610 1706 habitem
639 1669 836 1715 mores,
868 1651 1069 1705 discere
1100 1668 1228 1704 cura
1257 1650 1352 1703 tibi
1383 1650 1494 1703 est?
1888 1666 1943 1705 io

144 1723 308 1778 mixta
338 1723 404 1778 sit
432 1722 563 1778 haec
592 1722 835 1792 quamvis
866 1722 1002 1776 inter
1033 1720 1377 1791 Graecosque
1409 1719 1700 1791 Getasque,

216 1815 248 1849 a
276 1794 412 1849 male
441 1794 640 1866 pacatis
671 1794 791 1866 plus
822 1793 982 1847 trahit
1010 1812 1103 1847 ora
1134 1790 1305 1847 Getis.

147 1865 471 1922 Sarmaticae
500 1865 668 1919 maior
699 1863 1025 1934 Geticaeque
1056 1863 1354 1933 frequentia
1383 1863 1557 1934 gentis

214 1956 309 2009 per
335 1936 536 1991 medias
565 1936 620 1989 in
650 1936 800 2006 equis
829 1936 974 2005 itque
1004 1934 1245 2004 reditque
1275 1935 1405 1987 vias.

143 2008 199 2063 in
229 2008 422 2078 quibus
453 2016 533 2062 est
561 2025 742 2070 nem0,
772 2007 863 2076 qui
892 2025 997 2060 non
1029 2016 1248 2076 coryton
1279 2014 1331 2060 et
1367 2023 1550 2059 arcum
1887 2022 1940 2062 15

214 2080 424 2149 telaque
453 2079 665 2150 vipereo
695 2078 867 2132 lurida
895 2078 1017 2131 felle
1046 2087 1213 2148 gerat.

144 2169 249 2205 vox
272 2150 414 2214 fera,
446 2159 567 2203 trux
596 2150 772 2203 vultus
783 2188 797 2213 ,
828 2149 1101 2203 verissima
1129 2148 1322 2201 Martis
1351 2147 1551 2218 imago:

215 2240 321 2276 non
351 2240 524 2285 coma,
553 2239 661 2274 non
690 2221 800 2274 ulla
829 2221 995 2274 barba
1023 2228 1226 2273 resecta
1254 2237 1441 2272 manu:

147 2292 362 2348 dextera
389 2311 496 2346 non
527 2291 703 2363 segnis
732 2291 839 2345 fixo
870 2291 994 2345 dare
1025 2291 1245 2344 vulnera
1274 2290 1461 2352 cultr0,

73 2424 75 2427 ,
217 2382 375 2433 quem
404 2364 640 2418 vinctum
668 2362 819 2417 lateri
848 2363 1105 2416 barbarus
1134 2361 1299 2415 hostis
1330 2360 1507 2414 habet.
1885 2378 1945 2417 20

147 2435 276 2489 vivit
303 2435 356 2488 in
385 2434 466 2488 his
491 2435 700 2506 populis
730 2443 1031 2488 tenerorum
1061 2434 1207 2486 lusor
1236 2430 1501 2485 amorum!

217 2505 313 2560 hos
342 2506 510 2570 videt,
539 2505 636 2559 hos
666 2515 813 2559 vates
844 2505 1016 2568 audit,
1047 2504 1237 2566 amice,
1268 2502 1415 2556 tuusl

149 2586 305 2647 atque
333 2578 536 2631 utinam
564 2577 733 2640 vivat,
763 2594 871 2630 non
902 2585 954 2631 et
981 2575 1235 2629 moriatur
1262 2576 1316 2627 in
1346 2573 1467 2636 illis,

218 2648 352 2702 absit
384 2648 452 2702 ab
481 2647 663 2701 invisis
694 2657 747 2702 et
776 2657 952 2702 tamen
981 2647 1172 2700 umbra
1201 2644 1352 2699 locisl

149 2720 379 2774 carmina
408 2718 551 2788 quod
579 2719 735 2789 pleno
766 2718 944 2772 saltari
972 2727 1151 2771 nostra
1179 2716 1385 2771 theatro
1888 2732 1945 2771 25

218 2790 457 2844 versibus
489 2798 541 2844 et
568 2789 752 2860 plaudi
782 2789 991 2852 scribis,
1023 2788 1214 2851 amice,
1243 2786 1398 2841 meis:

149 2862 221 2916 nil
251 2861 496 2930 equidem
525 2860 629 2914 feci
656 2891 729 2899 —
757 2869 816 2912 tu
846 2860 947 2914 scis
977 2859 1077 2912 hoc
1106 2859 1220 2929 ipse
1249 2888 1321 2895 —
1350 2856 1586 2920 theatris,

219 2933 382 2986 Musa
410 2949 509 2986 nec
537 2931 592 2983 in
620 2931 839 3002 plausus
869 2930 1148 2984 ambitiosa
1176 2948 1297 2982 mea
1326 2938 1420 2981 est.

149 3022 255 3058 non
285 3012 462 3056 tamen
490 3003 760 3073 ingratum
789 3010 891 3065 est,
922 3001 1294 3070 quodcumque
1325 2998 1522 3051 oblivia
1549 2997 1715 3051 nostri

220 3074 440 3146 impedit
469 3083 521 3128 et
549 3072 765 3144 profugi
792 3091 986 3126 nomen
1014 3072 1070 3124 in
1100 3089 1193 3124 ora
1220 3070 1398 3124 refert.
1892 3085 1948 3125 30

152 3146 391 3215 quamvis
420 3145 709 3208 interdum,
740 3163 876 3213 quae
904 3163 990 3198 me
1019 3142 1235 3196 laesisse
1263 3141 1528 3204 recordor,

224 3217 455 3270 carmina
484 3217 718 3270 devoveo
749 3215 1097 3283 Pieridasque
1127 3232 1295 3268 meas:

155 3305 276 3341 cum
303 3288 437 3342 bene
467 3287 680 3351 devovi,
711 3304 916 3356 nequeo
948 3295 1126 3339 tamen
1156 3304 1270 3339 esse
1300 3283 1413 3337 sine
1442 3283 1547 3336 illis

225 3359 635 3428 vulneribusque
665 3359 796 3413 meis
827 3359 934 3412 tela
962 3366 1179 3411 cruenta
1210 3374 1423 3424 sequor3

156 3445 396 3498 quaeque
425 3429 582 3483 modo
611 3429 864 3484 Euboicis
894 3429 1123 3483 lacerata
1152 3436 1231 3482 est
1259 3426 1534 3489 fiuctibus,
1565 3423 1727 3480 audet
1896 3439 1952 3479 35

229 3498 394 3574 Graia
425 3498 704 3571 Capherea
733 3519 941 3556 currere
971 3499 1122 3554 navis
1153 3516 1307 3569 aqua.
