2158 3906
350 309 458 363 224
907 315 963 358 Ρ.
997 313 1204 359 OV1D11
1234 311 1505 357 NASONIS

269 442 325 482 55
356 433 577 488 turaque
611 416 930 471 Caesaribus
962 433 1082 467 cum
1115 414 1337 484 coniuge
1370 411 1602 465 Caesare
1634 413 1811 482 digna,

427 492 505 543 dis
539 489 698 549 veris,
730 486 950 538 memori
981 485 1158 538 debita
1187 484 1323 537 ferre
1354 483 1538 536 manu!

357 559 659 615 Memnonis
691 558 827 608 hanc
857 556 1087 618 utinam,
1118 555 1278 607 lenito
1310 555 1569 624 principe,
1602 563 1769 606 mater

428 650 587 700 quam
618 629 847 698 primum
877 645 1027 679 roseo
1058 635 1309 696 provocet
1339 643 1427 678 ore
1459 624 1621 677 diem!

1174 739 1243 793 V.

358 844 455 896 Ille
487 851 604 893 tuos
636 839 905 909 quondam
934 857 1041 891 non
1071 839 1285 891 ultimus
1316 838 1452 891 inter
1481 837 1693 899 amicos,
1774 835 1871 878 MA
1884 835 1965 909 ij
1968 836 2026 877 M
2029 835 2068 879 0

430 922 489 965 ut
521 931 616 964 sua
648 911 809 964 verba
838 910 1009 979 legas,
1041 909 1306 971 Maxime,
1335 909 1482 961 Naso
1513 918 1680 977 rogat.
1783 891 2066 936 ΟΟΤΊΑΕ·

359 985 413 1037 in
444 983 636 1051 quibus
667 981 940 1050 ingenium
971 980 1161 1033 desiste
1190 980 1456 1047 requirere
1484 990 1740 1040 nostrum,

429 1053 639 1107 nescius
671 1052 813 1105 exilii
842 1070 910 1104 ne
940 1051 1152 1104 videare
1186 1051 1306 1104 mei.

302 1147 329 1185 5
361 1126 554 1187 cernis,
585 1133 644 1176 ut
672 1123 927 1193 ignavum
958 1130 1295 1192 corrumpant
1325 1122 1433 1174 otia
1462 1139 1669 1190 coerS,

432 1206 490 1249 ut
520 1195 728 1265 capiant
757 1193 969 1256 vitium,
999 1193 1055 1246 ni
1084 1201 1419 1254 moveantur,
1451 1209 1636 1260 aquae.

362 1278 413 1322 et
443 1266 571 1319 mihi
601 1266 645 1318 si
676 1265 794 1335 quis
825 1274 937 1319 erat
967 1264 1195 1317 ducendi
1225 1262 1469 1317 carminis
1500 1281 1646 1324 usus,

434 1338 632 1400 deficit,
666 1346 849 1405 estque
879 1336 1050 1388 minor
1078 1335 1250 1388 factus
1281 1335 1447 1388 inerte
1479 1334 1599 1386 situ.

363 1410 493 1462 haec
525 1426 758 1476 quoque,
790 1426 926 1476 quae
956 1407 1154 1476 legitis,
1185 1406 1230 1459 si
1261 1406 1390 1474 quid
1418 1404 1564 1467 mihi,
1595 1403 1851 1464 Maxime,
1885 1401 2069 1466 credis,

282 1500 335 1539 10
437 1480 714 1532 scribimus
745 1478 910 1530 invita
941 1479 1135 1546 vixque
1167 1487 1350 1530 coacta
1379 1495 1556 1529 manu·

364 1570 471 1604 non
500 1551 628 1603 libet
658 1550 712 1602 in
743 1549 860 1602 talis
892 1549 1127 1600 animum
1157 1548 1474 1601 contendere
1506 1566 1676 1609 curas,

435 1640 532 1674 nec
563 1621 706 1674 venit
736 1620 804 1672 ad
834 1620 991 1672 duros
1022 1620 1185 1672 Musa
1214 1628 1402 1672 vocata
1434 1618 1617 1671 Getas.

364 1702 424 1745 ut
454 1702 630 1744 tamen
659 1692 771 1761 ipse
802 1690 973 1752 videS,
1004 1690 1175 1742 luctor
1206 1690 1464 1743 deducere
1495 1707 1730 1742 versum:

439 1763 532 1816 sed
561 1781 668 1814 non
697 1763 755 1814 fit
785 1762 894 1813 fato
925 1761 1131 1813 mollior
1159 1761 1246 1814 ille
1275 1773 1408 1814 mec.

282 1854 334 1893 15
368 1853 488 1888 oum
518 1834 721 1902 releg0,
753 1832 1020 1900 scripsisse
1051 1832 1237 1901 pudet,
1268 1831 1393 1899 quia
1420 1829 1648 1899 plurima
1680 1846 1835 1881 cerno

437 1924 521 1957 me
553 1921 789 1972 quoque,
822 1903 914 1971 qui
943 1902 1069 1964 feci,
1100 1901 1272 1955 iudice
1303 1901 1465 1970 digna
1494 1900 1602 1952 lini.

365 1995 464 2029 nec
495 1985 671 2028 tamen
704 1973 950 2027 emendo:
982 1973 1130 2025 labor
1159 1972 1244 2024 hic
1275 1990 1436 2040 quam
1467 1970 1695 2023 scribere
1726 1969 1909 2032 maior,

437 2063 690 2113 mensque
722 2045 831 2114 pati
863 2044 1055 2096 durum
1086 2043 1305 2096 sustinet
1338 2061 1498 2112 aegra
1527 2041 1671 2093 nihil.

367 2117 566 2171 scilicet
594 2116 842 2185 incipiam
873 2115 999 2167 lima
1028 2114 1326 2167 mordacius
1356 2114 1435 2166 uti

281 2208 336 2247 20
439 2198 490 2241 et
520 2187 620 2240 sub
650 2186 904 2239 iudicium
936 2186 1144 2256 singula
1173 2185 1336 2238 verba
1365 2184 1581 2237 vocem?

367 2268 579 2327 torquet
608 2257 748 2312 enim
777 2258 989 2310 fortuna
1018 2276 1234 2327 parum,
1265 2256 1366 2309 nisi
1396 2255 1585 2308 Lissus
1616 2255 1671 2307 in
1701 2254 1946 2307 Hebrum

441 2331 695 2392 confluat,
727 2338 779 2382 et
806 2338 1011 2381 montes
1041 2328 1271 2397 Alpibus
1304 2326 1466 2379 addat
1494 2325 1673 2378 Atho?

369 2401 695 2471 parcendum
725 2408 804 2453 est
833 2400 1007 2452 animo
1039 2397 1335 2451 miserabile
1366 2398 1557 2450 vulnus
1587 2395 1818 2448 habenti.

442 2471 743 2524 subducunt
774 2470 918 2523 oneri
949 2469 1083 2522 colla
1111 2479 1326 2538 perusta
1354 2468 1533 2520 boves·

286 2561 340 2600 25
373 2551 449 2605 at,
481 2551 633 2611 put0,
665 2541 868 2593 fructus
901 2541 1073 2602 adest,
1103 2539 1391 2592 iustissima
1421 2557 1581 2591 causa
1609 2538 1867 2600 laborum,

442 2623 494 2666 et
525 2622 639 2665 sata
669 2630 790 2664 cum
819 2612 984 2663 multo
1014 2611 1228 2664 faenore
1258 2610 1430 2663 reddit
1459 2609 1615 2679 ager?

370 2693 579 2753 tempus
612 2683 680 2735 ad
710 2682 810 2735 hoc
840 2682 1017 2744 nobis,
1049 2691 1254 2752 repetas
1284 2681 1407 2734 licet
1437 2680 1638 2742 omnia,
1672 2679 1877 2731 nullum

441 2754 641 2824 profuit
670 2784 740 2791 —
770 2762 928 2821 atque
959 2753 1159 2805 utinam
1191 2771 1297 2805 non
1327 2750 1614 2804 nocuisset!
1646 2780 1718 2787 ——
1747 2767 1896 2818 opus.

372 2844 465 2878 cur
493 2826 656 2895 igitur
687 2825 937 2886 scribam,
968 2824 1203 2876 miraris?
1234 2824 1394 2875 miror
1423 2831 1475 2875 et
1503 2822 1632 2891 ipse,

287 2915 342 2953 30
445 2905 496 2949 et
526 2907 702 2949 tecum
733 2914 929 2964 quaero
961 2914 1142 2965 saepe,
1174 2894 1303 2963 quid
1332 2894 1453 2947 inde
1484 2902 1677 2963 petam.

372 2987 439 3019 an
470 2968 697 3036 populus
728 2985 850 3020 vere
882 2985 1036 3020 sanos
1067 2976 1226 3035 negat
1257 2984 1371 3018 esse
1397 2964 1615 3034 poetas?

444 3056 666 3105 sumque
697 3038 826 3090 fides
858 3037 1014 3090 huius
1046 3037 1277 3089 maxima
1307 3037 1450 3089 vocis
1481 3035 1612 3104 ego?

372 3110 486 3176 qui,
518 3109 680 3161 sterili
710 3108 899 3161 totiens
929 3127 1051 3161 cum
1082 3109 1181 3160 sim
1211 3108 1460 3176 deceptus
1492 3106 1559 3158 ab
1590 3123 1733 3167 arvo,

444 3180 696 3231 damnosa
725 3189 900 3249 persto
933 3179 1156 3231 condere
1188 3196 1368 3231 semen
1397 3177 1573 3228 humo·

287 3267 340 3305 35
373 3250 571 3302 scilicet
601 3259 681 3302 est
710 3249 932 3318 cupidus
964 3249 1255 3301 studiorum
1286 3248 1508 3316 quisque
1539 3263 1771 3309 suorum,

443 3330 650 3390 tempus
683 3328 734 3372 et
764 3319 984 3371 adsueta
1013 3337 1207 3388 ponere
1237 3319 1292 3370 in
1322 3326 1432 3370 arte
1463 3317 1625 3369 iuvat.

373 3390 582 3443 saucius
614 3390 782 3442 eiurat
810 3408 1046 3459 pugnam
1076 3389 1359 3458 gladiator,
1391 3397 1443 3441 et
1471 3387 1612 3439 idem

442 3462 697 3515 inmemor
727 3459 1188 3530 antiquivulneris
1219 3478 1365 3512 arma
1396 3458 1550 3528 capit.
