2158 3906
528 357 876 405 FASTORUM
903 357 1026 402 LIB.
1058 357 1142 404 VI.
1174 358 1387 404 86—172.
1716 347 1815 398 101

111 462 186 518 sic
215 459 357 515 fatus
389 458 619 530 spinam,
650 478 756 529 qua
785 459 960 513 tristes
990 460 1183 529 pellere
1214 469 1391 531 posset

182 552 214 586 a
242 530 445 585 foribus
474 548 666 594 noxas,
695 560 769 568 —
796 530 927 584 haec
958 539 1069 584 erat
1100 530 1221 584 alba
1247 561 1320 569 —
1349 530 1507 584 (ledit.
1854 547 1934 586 130

112 612 234 658 sunt
265 601 449 655 avidae
479 601 745 665 volucres,
776 620 883 655 non
913 618 1050 669 quae
1079 600 1305 655 Phine'ia
1333 603 1529 656 mensis
1930 626 1933 633 ¹

181 682 398 745 guttura
427 671 770 735 fraudabant,
802 671 896 726 sed
924 690 1094 743 genus
1124 672 1247 726 inde
1278 673 1516 726 trahunt:

109 743 311 817 grande
343 751 524 814 caput,
556 751 754 796 stantes
786 742 949 806 oculi,
979 752 1148 796 rostra
1179 754 1302 813 apta
1330 744 1546 814 rapinis,

183 813 399 869 canities
428 813 627 885 pinnis,
657 813 927 884 unguibus
957 813 1146 867 hamus
1176 814 1327 868 inest.

109 894 263 941 nocte
293 885 473 938 volant
501 903 799 956 puerosque
828 894 1015 956 petunt
1043 884 1259 939 nutricis
1291 894 1526 957 egentes,
1856 903 1934 942 135

34 1015 43 1023 ‚
182 966 234 1011 et
263 956 450 1010 vitiant
480 956 628 1010 cunis
659 974 880 1026 corpora
907 965 1059 1026 rapta
1090 956 1212 1009 suis.

111 1046 325 1099 carpere
356 1027 603 1081 dicuntur
631 1027 880 1081 lactentia
908 1027 1112 1080 viscera
1140 1027 1320 1080 rostris

41 1137 61 1146 ⁴-
184 1109 234 1153 et
264 1099 479 1169 plenum
508 1107 633 1169 poto
664 1098 920 1168 sanguine
949 1106 1134 1168 guttur
1163 1097 1375 1151 habent.

2 1200 3 1218 1
44 1230 50 1235 ,
111 1179 191 1224 est
220 1169 322 1222 illis
355 1168 604 1240 strigibus
635 1187 850 1222 nomen:
882 1169 976 1222 sed
1005 1167 1230 1220 nominis
1262 1168 1418 1220 huius

0 1254 3 1261 '
183 1259 365 1302 causa,
397 1239 540 1308 quod
568 1239 889 1293 horrendum
921 1238 1137 1292 stridere
1168 1249 1321 1291 nocte
1352 1239 1538 1292 solent.
1857 1258 1937 1296 140

110 1311 222 1366 sive
251 1310 414 1381 igitur
442 1319 732 1363 nascuntur
761 1328 911 1372 aves,
945 1327 1037 1362 seu
1070 1308 1300 1361 carmine
1331 1309 1479 1370 flunt,

179 1381 474 1450 naeniaque
503 1380 558 1433 in
589 1381 828 1434 volucres
858 1379 1045 1432 Marsa
1074 1378 1265 1450 figurat
1298 1398 1454 1432 anus:

109 1452 166 1507 in
194 1452 451 1506 thalamos
481 1469 672 1505 venere
702 1451 924 1505 Procae.
997 1450 1173 1503 Proca
1201 1460 1357 1502 natus
1388 1450 1442 1502 in
1473 1450 1576 1502 illis

181 1522 378 1595 praeda
407 1539 590 1577 recens
621 1522 799 1575 avium
829 1521 1063 1590 quinque
1095 1521 1282 1575 diebus
1314 1531 1441 1582 erat,

110 1603 427 1667 pectoraque
457 1592 738 1648 exsorbent
768 1592 935 1646 avidis
966 1591 1188 1645 infantia
1218 1592 1439 1662 linguis;
1856 1611 1935 1649 145

184 1674 238 1719 at
266 1683 398 1736 puer
425 1663 610 1718 infelix
641 1663 787 1747 vagit
817 1681 1076 1734 opemque
1107 1663 1253 1733 petit.

111 1735 290 1792 territa
318 1753 448 1790 voce
479 1734 561 1789 sui
590 1743 767 1788 nutr1x
799 1734 1026 1788 accurrit
1056 1734 1256 1787 alumni

81 1826 83 1829 ·
183 1816 236 1862 et
264 1806 434 1877 rigido
465 1814 634 1860 sectas
665 1805 865 1859 invenit
894 1824 1075 1876 ungue
1105 1824 1287 1876 genas.

111 1877 239 1949 quid
269 1877 496 1932 faceret?
527 1878 670 1932 color
699 1876 803 1930 oris
833 1886 969 1940 erat,
1000 1877 1091 1945 qui
1122 1877 1398 1930 frondibus
1430 1877 1553 1930 olim

184 1967 298 2003 esse
329 1949 460 2001 solet
489 1948 641 2011 seris,
673 1966 805 2017 quas
834 1966 974 2002 nova
1003 1947 1154 2002 laesit
1184 1948 1368 2002 hieme.
1856 1965 1938 2004 150

110 2018 351 2091 pervenit
380 2018 450 2072 ad
480 2016 723 2073 Cranaen
758 2027 810 2072 et
838 2037 951 2072 rem
982 2018 1151 2072 docet.
1225 2019 1314 2072 illa
1346 2019 1610 2072 ‘timorem

183 2089 343 2160 ponel
374 2098 497 2142 tuus
528 2089 731 2160 sospes’
763 2089 894 2142 dixit
925 2090 1194 2143 ‘alumnus
1226 2090 1354 2143 erit.'

112 2170 329 2221 venerat
359 2160 427 2213 ad
457 2178 644 2214 cunas:
675 2160 871 2214 flebant
900 2170 1174 2229 materque
1204 2170 1476 2230 paterque.

186 2231 374 2284 ‘sistite
404 2249 498 2285 vos
526 2231 793 2295 lacrimaS,
824 2232 940 2302 ipsa
968 2231 1241 2285 medebor'
1274 2231 1362 2284 ait.

110 2302 350 2374 protinus
381 2302 602 2356 arbutea
630 2311 809 2373 postes
839 2312 918 2355 ter
946 2302 1000 2355 in
1031 2303 1213 2355 ordine
1243 2303 1425 2372 tangit'
1856 2321 1936 2359 155

184 2373 394 2437 fronde,
425 2381 504 2427 ter
533 2374 753 2428 arbutea
779 2374 963 2426 limina
992 2373 1179 2427 fronde
1210 2385 1381 2435 notat;

114 2445 314 2516 spargit
342 2444 493 2514 aquis
523 2444 695 2498 aditus
724 2474 796 2482 —-
825 2453 875 2498 et
907 2462 1076 2512 aquae
1108 2444 1436 2498 medicamen
1467 2443 1733 2498 habebant
1765 2475 1836 2483 —

185 2525 410 2585 extaque
440 2515 506 2570 de
535 2534 697 2587 porca
726 2515 891 2570 cruda
921 2516 1204 2568 bimenstre
1236 2525 1394 2569 tenet.

115 2595 273 2655 atque
301 2586 376 2640 ita
405 2586 595 2640 ‘noctis
626 2605 774 2650 aveS,
805 2587 938 2640 extis
969 2586 1282 2657 puerilibus’
1314 2587 1484 2655 inquit

185 2657 456 2728 ‘parcite:.
497 2676 556 2711 ro
585 2676 750 2728 parvo
780 2658 995 2711 victima
1024 2677 1189 2728 parva
1219 2658 1374 2711 cadit.
1857 2675 1937 2714 160

115 2745 204 2782 cor
232 2741 329 2800 pro
360 2746 449 2782 cor
488 2747 540 2792 e,
570 2746 778 2800 precor,
809 2747 905 2799 pro
935 2729 1081 2782 fibris
1113 2729 1303 2782 sumite
1334 2729 1510 2782 fibras.

184 2799 321 2853 hanc
351 2799 581 2852 animam
609 2799 760 2852 vobis
789 2818 885 2868 pro
915 2799 1131 2853 meliore
1163 2800 1385 2852 damus.'

116 2869 189 2924 sic
217 2870 312 2924 ubi
339 2870 548 2933 libavit,
579 2879 821 2940 prosecta
851 2870 950 2922 sub
981 2870 1191 2923 aethere
1221 2871 1385 2940 ponit,

187 2941 384 3010 quique
415 2940 589 2993 adsint
618 2940 804 3003 sacriS,
833 2941 1093 3010 respicere
1122 2941 1213 2992 illa
1242 2951 1400 2994 vetat.

114 3011 369 3084 virgaque
398 3011 594 3064 Ianalis
625 3011 690 3064 de
721 3011 870 3081 spina
900 3012 1111 3081 ponitur
1141 3012 1279 3074 alba,
1816 3047 1818 3049 >
1857 3030 1935 3068 105

186 3101 293 3151 qua
321 3083 500 3136 lumen
531 3082 773 3135 thalamis
804 3101 968 3152 parva
998 3082 1228 3135 fenestra
1257 3082 1433 3135 dabat.

116 3165 236 3225 post
263 3153 395 3208 illud
423 3172 521 3207 nec
552 3173 676 3207 aves
708 3173 869 3207 cunas
900 3153 1123 3206 violasse
1153 3153 1409 3217 feruntur,

189 3234 241 3278 et
267 3224 419 3279 rediit
449 3243 636 3296 puer0‚
669 3225 760 3293 qui
790 3224 890 3276 fuit
921 3234 1065 3286 ante,
1098 3225 1255 3277 color.
1286 3255 1358 3262 —

117 3294 337 3365 pinguia
365 3313 459 3348 cur
487 3296 588 3348 illis
617 3306 897 3366 gustentur
923 3296 1072 3348 larda
1101 3296 1378 3358 KalendiS,

190 3365 456 3435 mixtaque
487 3385 607 3420 cum
639 3367 807 3420 calido
839 3367 905 3419 sit
933 3366 1059 3419 faba
1088 3366 1250 3430 farre,
1281 3368 1470 3436 rogas?
1854 3386 1934 3424 170

79 3439 86 3443 ’
118 3436 290 3506 prisca
320 3437 419 3490 dea
449 3449 527 3490 est
556 3438 813 3506 aliturque
846 3437 998 3495 cibis,
1030 3438 1222 3506 quibus
1255 3451 1375 3492 ante
1408 3439 1627 3502 solebat,

191 3525 290 3562 nec
319 3507 451 3578 petit
481 3508 668 3562 ascitas
698 3509 966 3561 luxuriosa
997 3508 1175 3578 dapes·
