2158 3906
513 328 862 376 PASTORUM
890 326 1011 374 Lm.
1043 328 1101 375 v.
1132 327 1375 373 225-312.
1740 308 1808 364 87

94 437 220 491 vina
247 432 456 503 quoque
487 431 542 484 in
572 431 778 501 magnis
809 448 1029 500 operose
1060 429 1270 483 condita
1300 426 1444 482 cellis

165 506 376 566 florent,
408 512 460 556 et
488 502 714 567 nebulae
744 501 884 554 dolia
914 520 1119 553 summa
1149 510 1351 569 tegunt.
1840 510 1924 551 270

95 576 253 631 mella
281 593 459 627 meum
489 591 705 625 munus:
738 572 977 624 volucres
1009 590 1108 640 ego
1140 567 1298 624 mella
1326 570 1543 622 daturas

101 646 116 661 ⁰
169 646 237 700 ad
265 645 461 698 violam
491 653 542 696 et
572 643 765 712 cytisos
797 651 849 695 et
879 642 1060 711 thyma
1090 661 1222 694 cana
1251 641 1416 694 voc0.'
1451 670 1520 677 —

96 717 221 790 [nos
251 733 460 786 quoque
490 714 630 767 idem
662 713 885 766 facimus
916 722 1065 774 tunc,
1097 731 1219 765 cum
1248 710 1581 764 iuvenalibus
1612 707 1762 761 annis

168 786 438 841 luxuriant
468 785 651 847 animi,
684 802 1009 853 corporaque
1040 784 1156 853 ipsa
1186 780 1410 853 vigent]

95 859 223 913 talia
252 857 496 911 dicenten
524 856 714 908 tacitus
744 855 990 907 mirabar.
1065 865 1115 906 at
1147 854 1235 906 illa
1840 865 1925 905 275

169 929 275 982 ‘ius
306 927 402 982 tibi
433 926 692 988 discendi,
725 926 768 978 si
798 944 905 993 qua
934 925 1172 993 requiris'
1205 925 1292 977 ait.

95 1001 233 1063 ‘dic‚
265 999 404 1061 dea,'
437 997 684 1068 respondi
714 997 985 1049 ‘ludorum
1017 1015 1152 1064 quae
1185 995 1250 1047 sit
1280 995 1461 1065 orig0.’

170 1071 262 1124 vix
291 1070 426 1124 bene
457 1069 738 1140 desieram,
772 1067 972 1121 rettulit
1001 1067 1091 1119 illa
1121 1066 1273 1119 mihi:

96 1149 298 1196 ‘cetera
326 1140 565 1194 luxuriae
595 1139 829 1191 nondum
860 1138 1208 1190 instrumenta
1238 1136 1513 1206 vigebant:

171 1221 263 1266 aut
290 1230 453 1282 pecus
485 1219 577 1263 aut
604 1211 766 1262 latam
798 1209 945 1260 dives
975 1207 1205 1260 habebat
1236 1206 1473 1258 humum.
1843 1220 1928 1260 280

98 1283 222 1337 hinc
251 1283 411 1336 etiam
439 1281 698 1350 locuples,
729 1279 852 1331 hinc
882 1279 998 1348 ipsa
1028 1277 1252 1347 pecunia
1283 1276 1424 1329 dicta
1454 1285 1551 1328 est.

172 1353 265 1408 sed
292 1353 401 1405 iam
430 1351 495 1404 de
524 1351 684 1403 vetito
716 1349 939 1418 quisque
970 1348 1191 1418 parabat
1221 1366 1366 1416 opes.

51 1470 54 1471 γ
98 1431 316 1480 venerat
345 1423 399 1476 in
431 1439 651 1483 morem,
683 1420 865 1491 populi
896 1419 1178 1489 depascere
1210 1418 1392 1479 saltus,

171 1496 330 1564 idque
361 1493 452 1546 diu
481 1492 650 1554 licuit,
720 1508 956 1558 oenaque
987 1490 1132 1541 nulla
1164 1488 1279 1541 fuit.

67 1609 69 1611 -
100 1566 308 1622 vindice
339 1563 584 1618 servabat
613 1582 685 1615 nu
708 1563 757 1614 lo
789 1581 885 1614 sua
915 1560 1127 1631 publica
1156 1560 1371 1629 volgus:
1843 1573 1929 1613 285

172 1637 382 1706 iamque
410 1635 466 1688 in
495 1634 699 1718 privato
769 1651 946 1686 ascere
977 1631 1156 1684 inertis
1188 1640 1317 1684 crat.

99 1708 271 1780 plebis
301 1707 368 1760 ad
399 1705 592 1760 aediles
623 1652 879 1775 percpucta
908 1702 1118 1756 licentia
1149 1702 1267 1754 talis

173 1778 468 1833 Publicios:
501 1776 706 1829 animus
739 1774 907 1828 defuit
938 1784 1058 1827 ante
1091 1773 1230 1825 viris.

100 1870 216 1905 rem
243 1849 471 1921 populus
500 1847 603 1901 reci
645 1846 700 1899 it.
774 1846 994 1898 multam
1026 1844 1234 1897 subiere
1266 1852 1532 1897 nocentes.

176 1919 473 1974 vindicibus
502 1866 648 1971 laudi
677 1916 892 1987 publica
922 1935 1049 1968 cura
1079 1915 1194 1967 fuit.
1845 1928 1932 1967 290

101 1993 273 2046 multa
302 1991 425 2043 data
455 1999 534 2042 est
563 2008 629 2042 ex
658 1998 807 2058 parte
839 1987 990 2049 mihi,
1022 2003 1326 2056 magnoque
1358 1984 1540 2037 favore

177 2063 401 2116 victores
430 2060 584 2113 ludos
612 2059 884 2112 instituere
914 2076 1097 2110 novos.

105 2143 256 2206 parte
286 2133 461 2186 locant
491 2131 709 2192 clivum,
739 2129 831 2198 qui
861 2138 988 2181 tunc
1018 2137 1130 2180 erat
1160 2127 1326 2179 ardua
1356 2144 1539 2218 rupes:

178 2204 306 2257 utile
336 2221 476 2255 nunc
505 2201 604 2255 iter
634 2210 736 2264 est,
767 2199 1178 2267 Publiciumque
1209 2206 1416 2250 vocant.
1464 2225 1536 2233 —

105 2294 284 2329 annua
313 2273 638 2326 credideram
668 2270 968 2342 spectacula
997 2270 1154 2322 facta.
1223 2268 1455 2338 negavit,
1609 2299 1611 2301 ·
1846 2282 1931 2322 295

180 2344 382 2399 addidit
411 2353 464 2397 et
493 2343 643 2396 dictis
675 2343 838 2395 altera
868 2341 1031 2394 verba
1061 2340 1195 2393 suis:

105 2423 230 2470 ‘nos
261 2433 470 2485 quoque
502 2414 671 2484 tangit
701 2413 884 2465 honor.
959 2412 1105 2465 festis
1136 2410 1432 2480 gaudemus
1464 2419 1516 2463 et
1546 2409 1667 2472 ari5‚

178 2487 438 2555 turbaque
469 2485 720 2538 caelestes
752 2483 1030 2536 ambitiosa
1060 2500 1259 2535 sumus,

71 2622 75 2631 ¹
107 2577 268 2629 saepe
297 2558 422 2610 deos
454 2557 642 2624 aliquis
672 2554 940 2625 peccando
970 2554 1096 2606 fecit
1125 2553 1351 2620 iniquos,

183 2638 236 2684 et
263 2646 359 2699 pro
391 2627 592 2681 delictis
623 2626 794 2679 hostia
825 2625 1019 2678 blanda
1048 2624 1165 2676 fuit.
1849 2638 1935 2678 300

109 2719 268 2771 saepe
299 2699 483 2752 Iovem
511 2697 644 2759 vidi,
677 2716 796 2750 cum
826 2697 931 2748 iam
962 2715 1058 2748 sua
1087 2695 1292 2747 mittere
1323 2693 1482 2746 vellet
1787 2727 1793 2730 >

182 2770 430 2831 fulmina,
460 2778 576 2821 ture
607 2769 728 2820 dato
760 2767 1068 2820 sustinuisse
1098 2783 1331 2818 manum.

88 2841 242 2895 ‘at-'si
270 2839 625 2910 neglegimur,
654 2838 860 2907 magnis
890 2837 1079 2889 iniuria
1108 2835 1291 2906 poenis

186 2911 430 2972 solvitur,
460 2919 513 2962 et
542 2910 738 2961 iustum
768 2908 1018 2978 praeterit.
1046 2907 1124 2958 ira
1153 2906 1386 2958 modum.

113 2982 316 3053 respice
346 2979 694 3034 Thestiaden:
726 2978 950 3031 flammis
979 2977 1288 3030 absentibus
1319 2975 1470 3037 arsit.;
1853 2991 1939 3030 305

186 3071 347 3107 causa
377 3060 481 3114 est,
513 3050 655 3119 quod
683 3050 929 3102 Phoebes
961 3068 1052 3101 ara
1081 3049 1193 3100 sine
1224 3047 1348 3116 igne
1377 3046 1495 3098 fuit.

113 3124 317 3194 respice
346 3122 685 3175 Tantaliden:
717 3122 902 3174 eadem
933 3119 1033 3172 dea
1064 3119 1181 3172 vela
1211 3117 1440 3170 tenebat.

189 3195 340 3265 virgo
371 3203 474 3254 est,
505 3203 557 3246 et
587 3202 789 3265 spretos
820 3192 901 3243 bis
932 3202 1109 3243 tamen
1139 3191 1250 3242 ulta
1280 3189 1443 3240 focos.

119 3264 410 3335 Hippolyte
439 3264 646 3326 infelix,
678 3264 839 3316 velles
870 3262 1092 3315 coluisse
1124 3260 1356 3321 Dionen,

192 3354 313 3388 cum
344 3335 685 3388 consternatis
717 3333 1013 3404 diripereris
1045 3332 1210 3400 equis.
1860 3346 1946 3384 310

119 3404 281 3476 longa
309 3405 503 3459 referre
533 3424 680 3458 mora
711 3416 789 3458 est
819 3414 1052 3457 correcta
1082 3402 1277 3455 oblivia
1308 3401 1532 3454 damnis.

193 3494 278 3529 me
309 3494 518 3546 quoque
548 3476 776 3529 Romani
804 3475 1118 3546 praeteriere
1148 3482 1340 3543 patres·
