2158 3906
528 363 877 411 FASTORUM
904 364 1024 410 LIB.
1060 364 1143 411 VI.
1175 364 1415 409 693-775.

125 467 282 522 Hanc
311 483 522 535 quoque
554 484 674 519 cum
704 466 885 536 patriis
918 465 1145 521 Galatea
1173 465 1428 536 receperit
1455 464 1629 529 undis,

195 538 454 608 plenaque
487 555 701 590 securae
732 547 869 590 terra
899 537 1088 605 quietis
1121 537 1233 599 erit,

127 608 295 679 surgit
324 607 486 660 humo
515 607 719 660 iuvenis
750 607 866 661 telis
899 608 1109 661 afflatus
1140 608 1293 662 avitis

148 690 153 694 '
198 690 248 732 et
277 678 490 749 gemino
518 696 683 731 nexas
714 678 934 748 porrigit
963 698 1135 749 angue
1167 698 1370 733 manus.

124 758 280 804 notus
311 767 459 802 amor
486 748 789 812 Phaedrae,
819 758 944 802 nota
975 760 1054 802 est
1082 750 1270 803 iniuria
1298 749 1519 804 Theseie

198 820 410 874 devovit
438 828 620 873 natum
652 820 896 873 credulus
927 820 1012 874 ille
1044 840 1215 874 suum.

125 909 228 945 non
260 890 474 961 impune
506 891 624 960 pius
655 890 859 944 iuvenis
889 891 1164 945 Troezena
1192 892 1430 962 petebat:

198 960 386 1014 dividit
413 961 680 1015 obstantes
711 972 922 1032 pectore
954 972 1135 1016 taurus
1167 980 1348 1031 aquas.

126 1031 330 1086 solliciti
363 1041 623 1086 terrentur
653 1033 797 1102 equi,
830 1032 1130 1103 frustraque
1160 1034 1347 1087 retenti

197 1122 291 1174 per
322 1104 565 1174 scopulos
598 1103 868 1156 dominum
900 1103 1136 1173 duraque
1168 1123 1295 1157 saxa
1324 1103 1555 1157 trahunt.

126 1174 393 1228 exciderat
424 1192 580 1227 curru
610 1174 839 1243 lorisque
869 1175 1196 1227 morantibus
1227 1184 1371 1227 artus

198 1244 522 1315 Hippolytus
551 1245 723 1300 lacero
756 1263 973 1314 corpore
1004 1255 1184 1315 raptus
1216 1254 1327 1297 erat

124 1315 423 1370 reddiderat
462 1333 528 1368 ue
560 1315 812 1378 animam,
845 1316 1070 1367 multum
1100 1315 1407 1385 indignante
1438 1314 1632 1368 Diana.

198 1384 388 1438 ‘nulla'
472 1384 714 1438 oronides
746 1390 930 1438 ‘causa
961 1385 1177 1438 doloris’
1209 1385 1303 1437 ait:

0 1451 3 1458 ¹
74 1501 81 1511 „
126 1462 377 1525 ‘namque
409 1455 495 1526 pio
524 1455 701 1509 iuveni
732 1455 893 1509 vitam
925 1456 1035 1510 sine
1067 1456 1278 1510 volnere
1309 1455 1546 1519 reddam,

197 1537 247 1581 et
279 1526 465 1581 cedent
494 1526 592 1580 arti
623 1526 791 1580 tristia
819 1526 930 1580 fata
960 1526 1141 1580 meae.’

125 1597 363 1670 gramina
393 1597 639 1651 continuo
669 1597 853 1651 loculis
885 1597 1145 1668 depromit
1176 1597 1389 1651 eburnis

196 1666 524 1740 (profuerant
557 1666 751 1722 Glauci
779 1669 1032 1722 Manibus
1063 1669 1154 1722 illa
1222 1669 1347 1732 rius,

126 1748 251 1794 tunc
281 1757 400 1794 cum
431 1738 734 1794 observatas
766 1758 936 1811 augur
967 1740 1156 1794 descen
1197 1740 1237 1793 it
1267 1740 1319 1792 in
1349 1739 1558 1803 herbas,

195 1829 322 1864 usus
353 1819 403 1865 et
433 1810 624 1864 auxilio
655 1820 734 1865 est
764 1811 952 1882 anguis
983 1811 1051 1864 ab
1083 1831 1257 1882 angue
1290 1811 1438 1880 dato)
1447 1831 1463 1874 ;

125 1890 337 1952 pectora
367 1891 446 1935 ter
475 1881 671 1952 tetigit,
703 1891 782 1935 ter
811 1882 973 1935 verba
1005 1882 1235 1935 salubria
1267 1881 1421 1935 dixit:

197 1953 493 2024 depositum
524 1962 662 2006 terra
692 1953 900 2006 sustulit
929 1953 1015 2006 ille
1047 1964 1221 2023 caput.

124 2023 275 2078 lucus
307 2043 427 2076 eum
456 2024 788 2092 nemorisque
820 2024 920 2087 tui,
951 2023 1247 2094 Dictynna,
1280 2042 1517 2078 recessus

198 2094 356 2147 celat:
387 2094 606 2148 Aricino
635 2094 853 2148 Virbius
884 2094 970 2147 ille
1001 2096 1136 2148 lacu.

127 2174 181 2218 at
211 2164 502 2236 Clymenus
535 2161 832 2234 Clothoque
864 2165 1062 2218 dolent:
1095 2165 1247 2228 haec,
1279 2165 1367 2217 fila
1397 2163 1587 2228 reneri,

196 2235 317 2300 hic,
336 2236 447 2290 fieri
477 2236 627 2306 regni
656 2236 771 2289 iura
801 2236 1004 2289 minora
1034 2237 1130 2289 sui.

125 2306 387 2378 Iuppiter,
419 2307 716 2376 exemplum
749 2307 970 2370 verituS,
1002 2307 1203 2360 direxit·
1220 2307 1275 2359 in
1303 2307 1479 2377 ipsum

196 2377 442 2440 fulmina,
474 2377 563 2446 qui
594 2377 785 2431 nimiae
816 2388 1034 2431 noverat
1064 2379 1188 2431 artis
1220 2396 1390 2448 opem.

125 2448 365 2510 Phoebe,
398 2448 716 2517 querebaris.
793 2449 923 2502 deus
955 2458 1056 2512 est3
1088 2449 1297 2519 placa-re
1328 2447 1558 2519 parenti:

63 2525 71 2528 χ
196 2530 408 2590 propter
436 2528 511 2583 te,
541 2519 654 2573 fieri
683 2519 825 2588 quod
855 2529 1022 2583 vetat,
1052 2520 1164 2590 ipse
1195 2520 1336 2572 facit.

127 2660 390 2731 Tempora
417 2661 688 2725 labuntur,
718 2662 993 2731 tacitisque
1026 2662 1345 2715 senescimus
1377 2661 1544 2724 anniS,

198 2740 248 2785 et
277 2731 488 2801 fugiunt
517 2733 667 2784 freno
696 2751 802 2784 non
833 2743 1128 2786 remorante
1160 2732 1287 2785 dies·

128 2820 285 2871 quam
317 2803 417 2855 cito
448 2811 704 2856 venerunt
733 2803 1000 2856 Fortunae
1030 2803 1205 2856 Fortis
1236 2802 1483 2856 honores!

197 2884 311 2944 post
343 2883 544 2943 septem
572 2874 716 2926 luces
745 2874 930 2926 Iunius
961 2882 1109 2927 actus
1139 2874 1251 2927 erit.

127 2943 220 3006 ite,
253 2945 404 2996 deam
435 2943 557 2997 laeti
588 2944 801 2996 Fortem
832 2944 1115 3007 celebrate,
1148 2943 1407 3011 Quirites!

196 3015 249 3066 in
280 3015 487 3067 Tiberis
517 3014 630 3084 ripa
660 3034 880 3068 munera
910 3016 1048 3085 regis
1079 3015 1255 3067 habet.

127 3103 248 3155 pars
279 3085 437 3155 pede,
467 3104 589 3155 pars
621 3086 777 3138 etiam
809 3087 964 3139 celeri
995 3086 1254 3140 decurrite
1286 3085 1501 3149 cumba3

94 3220 102 3228 „
199 3175 295 3210 nec
325 3157 517 3226 pudeat
550 3165 700 3226 potos
724 3156 853 3210 inde
882 3157 1051 3210 redire
1083 3157 1314 3210 domum.

129 3225 283 3290 ferte,
314 3238 615 3291 coronatae,
646 3228 896 3280 iuvenum
929 3228 1195 3290 convivia,
1225 3229 1425 3291 lintres,

199 3298 467 3366 multaque
497 3317 591 3368 per
620 3299 819 3352 medias
849 3299 973 3352 vina
1002 3300 1251 3352 bibantur
1282 3317 1463 3368 aquas.

130 3367 277 3437 plebs
307 3369 429 3422 colit
457 3368 617 3432 hanc,
649 3370 795 3438 quia,
826 3371 918 3439 qui
947 3371 1144 3440 posuit,
1176 3370 1241 3424 de
1272 3371 1426 3441 plebe
1457 3370 1620 3425 fuisse

201 3438 366 3491 fertur
395 3448 443 3492 et
475 3458 539 3492 ex
570 3440 753 3493 humili
784 3451 987 3512 sceptra
1017 3442 1197 3494 tulisse
1227 3442 1360 3495 loco.

132 3510 374 3562 convenit
406 3518 458 3563 et
487 3511 674 3574 servis,
707 3530 858 3565 serva
888 3512 1012 3581 quia
1042 3512 1249 3584 Tullius
1281 3522 1425 3565 ortus

1494 3595 1551 3636 8*

1733 352 1835 407 115

1745 463 1820 506 21.
1858 464 1958 507 DC'

1746 519 1828 564 22.
1860 521 1953 564 EG

1866 622 1951 661 735

1867 976 1956 1017 740

1866 1331 1952 1370 745

1867 1684 1955 1723 750

1865 2039 1950 2078 75⁵

1865 2395 1950 2434 760

1750 2729 1831 2775 23.
1864 2696 1953 2775 ἕο

1742 2787 1823 2831 24.
1859 2789 1951 2832 GC

1865 3317 1949 3355 730
