2158 3906
350 303 417 356 78
904 313 957 356 Ρ.
992 311 1198 357 OVIDII
1227 310 1498 357 NASONIS

235 433 318 473 835
351 417 572 485 augurio
602 415 723 468 laeti
754 414 950 466 iaciunt
979 413 1289 465 fundamina
1319 413 1478 474 cives,

422 499 473 539 et
503 506 670 537 novus
702 485 894 553 exiguo
926 495 1160 553 tempore
1190 503 1371 536 murus
1404 492 1531 536 erat.

350 557 450 609 hoc
483 555 638 608 Celer
668 566 822 623 urget
852 572 1008 623 opuS‚
1040 573 1198 622 quem
1229 554 1488 607 Romulus
1518 554 1631 623 ipse
1662 562 1896 616 vocarat,

424 627 702 692 ‘sint'que,
734 623 941 686 ‘Celer‚
974 625 1155 678 curae'
1188 625 1390 678 dixerat
1421 625 1552 682 ‘ista
1578 634 1717 677 tuae.

351 716 483 750 neve
514 697 630 764 quis
661 706 752 748 aut
781 714 960 748 muros
990 706 1082 748 aut
1111 695 1307 748 factam
1337 713 1549 749 vomere
1578 695 1778 748 fossam

236 786 320 824 840
423 775 675 827 transeat,
707 766 990 819 audentem
1020 766 1146 818 talia
1176 766 1309 820 dede
1340 765 1490 819 neci.'

352 838 494 905 quod
524 837 769 889 Remus
755 855 1003 906 ignorans
1034 836 1259 889 humiles
1291 847 1624 890 contemnere
1655 854 1834 889 muros

423 907 594 977 coepit
626 917 677 960 et
709 907 813 960 ‘his
844 908 1095 977 populus'
1129 908 1303 960 dicere
1334 913 1501 959 ‘tutus
1532 908 1680 960 erit?'

351 997 448 1031 nec
479 996 649 1040 mora,
682 979 957 1031 transiluit.
1031 988 1176 1031 rutro
1208 976 1366 1030 Celer
1396 986 1620 1048 occupat
1650 996 1856 1031 ausum.

422 1050 508 1102 ille
539 1049 730 1119 premit
760 1050 948 1102 duram
977 1049 1415 1119 sanguinulentus
1444 1048 1682 1100 humum.

238 1138 320 1176 845
353 1121 483 1173 haec
512 1120 606 1173 ubi
637 1139 729 1173 rex
760 1120 965 1183 didicit,
995 1120 1237 1173 lacrimas
1266 1120 1521 1172 introrsus
1553 1120 1766 1172 obortas

426 1192 642 1244 devorat
673 1201 723 1244 et
754 1192 991 1244 clausum
1021 1202 1231 1261 pectore
1262 1191 1449 1243 volnus
1480 1190 1657 1243 habet.

353 1262 476 1315 flere
507 1262 683 1331 palam
712 1281 818 1315 non
849 1263 958 1315 volt
989 1263 1334 1331 exemplaque
1365 1261 1522 1313 fortia
1552 1269 1728 1314 servat

426 1333 525 1385 ‘sic
537 1333 656 1401 ’que
688 1338 866 1416 ‘meos‘
888 1352 1066 1386 muros
1096 1342 1328 1386 transeat
1357 1332 1491 1384 hos]
1466 1331 1544 1384 ·’1s
1577 1333 1665 1384 ait.

332 1403 444 1455 ‚dat
473 1414 648 1456 tamen
680 1404 955 1472 exequias.
987 1423 1085 1457 nec
1115 1404 1219 1456 iam
1250 1403 1574 1473 suspendere
1604 1403 1788 1456 fletum

238 1493 323 1531 850
426 1474 669 1537 sustinet,
701 1485 751 1528 et
782 1476 946 1544 pietas
978 1474 1304 1527 dissimulata
1333 1484 1494 1544 patet.

354 1547 637 1614 osculaque
668 1546 922 1615 applicuit
951 1546 1120 1615 posito
1151 1545 1618 1615 suprema-feretro

425 1625 582 1685 atque
614 1616 684 1668 ait
715 1617 904 1669 ‘invito
934 1617 1096 1671 frater
1126 1616 1395 1686 adempte,
1426 1615 1590 1668 valel'

353 1705 669 1754 arsurosque
699 1697 843 1741 artus
873 1688 1039 1740 unxit.
1114 1687 1312 1749 fecere,
1342 1686 1486 1754 quod
1514 1686 1621 1748 ille,

424 1758 713 1810 Faustulus
744 1769 796 1812 et
826 1768 1051 1811 maestas
1082 1758 1232 1811 Acca
1262 1758 1433 1810 soluta
1463 1774 1658 1809 comas·

240 1845 322 1884 855
355 1837 468 1880 tum
498 1829 742 1882 iuvenem
773 1830 1006 1881 nondum
1038 1829 1164 1881 facti
1195 1829 1387 1881 flevere
1419 1826 1673 1894 Quirites.

426 1899 610 1952 ultima
640 1901 841 1969 plorato
872 1900 1085 1953 subdita
1112 1900 1327 1952 flamma
1356 1917 1487 1968 rogo
1518 1907 1612 1951 est.

354 1970 482 2022 urbs
513 1970 677 2022 oritur
704 2000 777 2009 —-
805 1971 922 2053 quis
954 1980 1080 2023 tunc
1110 1970 1211 2024 hoc
1241 1969 1335 2023 ulli
1365 1969 1576 2023 credere
1607 1969 1816 2039 posset?
1844 1998 1920 2009 --

427 2040 678 2094 victorem
707 2042 856 2095 terris
886 2041 1195 2112 impositura
1223 2041 1431 2110 pedem.

354 2120 545 2164 cuncta
573 2131 752 2180 regaS,
784 2123 837 2166 et
866 2113 936 2165 sis
967 2131 1163 2195 magno
1192 2111 1294 2165 sub
1325 2109 1556 2165 Caesare
1587 2129 1815 2181 semper.

239 2199 323 2239 860
426 2200 584 2252 saepe
616 2184 774 2236 etiam
802 2184 968 2266 pluris
998 2183 1223 2236 nominis
1253 2183 1411 2236 huius
1441 2182 1602 2235 habe:

356 2263 406 2306 et
437 2254 677 2321 quotiens
707 2254 912 2308 steteris
943 2254 1142 2307 domito
1174 2253 1457 2306 sublimis
1443 2272 1497 2305 1n
1528 2253 1674 2316 orbe,

427 2324 603 2377 omnia
633 2325 736 2378 sint
765 2325 960 2379 umeris
990 2324 1238 2378 inferiora
1267 2325 1387 2378 tuis.

353 2465 518 2518 Dicta
544 2466 702 2519 Pales
731 2465 900 2519 nobis.
973 2467 1115 2520 idem
1145 2465 1359 2520 vinalia
1389 2466 1578 2519 dicam.
1845 2462 1924 2506 22.
1957 2437 2074 2506 HN'

426 2555 533 2589 una
562 2546 739 2589 tamen
762 2537 937 2590 media
959 2548 1038 2591 est
1067 2538 1203 2590 inter
1234 2546 1511 2605 utramque
1543 2536 1671 2589 dies·
1718 2519 1797 2564 23·
1827 2519 2078 2620 AMKINY

241 2625 323 2663 865
354 2607 595 2670 numina,
626 2608 868 2677 volgares
879 2647 894 2671 ,
919 2608 1142 2663 Veneris
1174 2608 1459 2671 celebrate,
1489 2606 1720 2676 puellae!

427 2678 568 2731 culta
597 2678 953 2748 professarum
983 2679 1290 2748 quaestibus
1320 2688 1445 2749 apta
1473 2679 1676 2733 Venus.

355 2749 554 2818 poscite
585 2759 700 2802 ture
731 2750 854 2801 dato
884 2750 1108 2802 formam
1139 2749 1426 2819 populique
1456 2749 1712 2812 favorem,

427 2819 626 2889 poscite
656 2820 936 2873 blanditias
968 2821 1234 2889 dignaque
1271 2820 1436 2874 verba
1464 2820 1597 2872 iocO.

357 2909 584 2959 cumque
615 2909 712 2944 sua
742 2891 985 2945 dominae
1017 2892 1138 2945 date
1167 2901 1320 2961 grata.
1350 2891 1630 2961 sisymbria
1662 2899 1835 2961 myrto

242 2979 326 3017 870
427 2971 670 3029 tectaque
701 2963 993 3032 composita
1021 2963 1209 3015 iuncea
1239 2963 1413 3015 vincla
1442 2981 1577 3015 rosa.

356 3033 551 3101 templa
581 3032 904 3100 frequentari
936 3032 1177 3086 Collinae
1205 3033 1448 3115 proxima
1477 3043 1661 3103 portae

427 3121 567 3155 nunc
598 3103 771 3157 decet.
803 3124 836 3157 a
867 3103 1047 3159 Siculo
1077 3105 1290 3156 nomina
1321 3104 1452 3157 colle
1482 3112 1678 3156 tenent.

355 3182 519 3240 utque
552 3172 846 3242 Syracusas
874 3174 1226 3227 Arethusidas
1258 3173 1474 3226 abstulit
1505 3173 1663 3225 armis

430 3241 686 3297 Claudius
716 3253 768 3298 et
798 3244 935 3297 bello
966 3255 1016 3297 te
1047 3262 1258 3312 quoque
1289 3244 1450 3313 cepit,
1480 3243 1558 3295 Er
1557 3263 1647 3312 yx,

241 3331 324 3371 875
357 3314 586 3368 carmine
616 3314 813 3367 vivacis
842 3315 1028 3368 Venus
1060 3324 1138 3367 est
1167 3315 1420 3366 translata
1450 3313 1707 3383 Sibyllae,

427 3385 586 3453 inque
617 3403 745 3438 suae
776 3384 949 3455 stirpis
978 3384 1163 3437 maluit
1192 3385 1322 3437 urbe
1353 3384 1468 3437 coli.

358 3474 451 3508 cur
479 3456 641 3525 igitur
670 3456 892 3510 Veneris
925 3455 1119 3508 festum
1148 3455 1361 3510 Vinalia
1391 3455 1584 3519 dicant,
