2158 3906
576 351 924 400 FASTORUM
954 352 1074 398 LI'B.
1107 352 1145 398 1.
1178 353 1392 399 33-119.

204 464 256 512 et
286 463 436 510 sonet
466 456 701 508 accensis
734 455 879 526 spica
911 453 1106 509 Cilissa
1135 455 1299 509 focis?

133 528 344 583 flamma
372 526 540 580 nitore
572 544 667 579 suo
698 526 1014 596 templorum
1046 525 1289 580 verberat
1318 543 1507 579 aurum

205 607 257 652 et
286 597 568 659 tremulum
600 616 808 650 summa
838 597 1040 667 spargit
1069 597 1125 650 in
1156 598 1285 651 aede
1315 596 1485 650 iubar.

132 668 367 724 vestibus
396 667 604 721 intactis
635 667 890 739 Tarpeias
922 667 1028 720 itur
1058 669 1111 721 in
1144 686 1307 731 arceS,

204 748 256 794 et
285 739 512 811 populus
543 738 678 792 festo
710 739 954 792 concolor
983 739 1095 809 ipse
1128 758 1223 793 suo
1255 754 1350 793 est.

132 810 342 880 iamque
372 809 495 863 novi
525 819 780 880 praeeunt
809 809 1005 873 fasces,
1035 829 1176 863 nova
1200 823 1306 881 vpur
1343 829 1439 863 ura
1467 809 1656 882 fulget,

205 890 256 935 et
285 898 424 935 nova
454 881 796 951 conspicuum
828 881 1063 951 pondera
1094 882 1250 934 sentit
1281 901 1309 935 e
1350 900 1427 934 ur.

133 953 267 1007 colla
297 951 454 1006 rudes
485 969 703 1023 operum
734 951 990 1022 praebent
1019 952 1258 1006 ferienda
1288 952 1516 1015 iuvenci,

205 1041 337 1093 quos
368 1022 496 1076 aluit
526 1023 726 1094 campis
756 1023 921 1076 herba
950 1023 1162 1076 Falisca
1193 1023 1317 1076 suis.

131 1094 375 1177 Iuppiter
404 1111 522 1148 arce
554 1113 651 1147 sua
681 1102 849 1147 totum
881 1113 1001 1147 cum
1032 1103 1234 1164 spectet
1264 1094 1317 1146 in
1349 1094 1551 1157 orbem,

203 1166 277 1218 ml
306 1164 408 1225 nisi
437 1165 762 1228 Romanum,
794 1165 938 1233 quod
968 1174 1205 1227 tueatur,
1237 1164 1413 1217 habet.

133 1236 299 1300 salve,
330 1236 468 1289 laeta
498 1235 632 1297 dies,
663 1236 951 1304 meliorque
981 1245 1244 1288 revertere
1275 1253 1502 1305 semper,

204 1326 237 1360 a
263 1306 663 1377 populorerum
695 1306 856 1375 digna
885 1315 1097 1375 potente
1128 1304 1255 1358 colil
1285 1333 1359 1342 —

133 1394 293 1448 quem
322 1387 499 1430 tamen
530 1395 645 1430 esse
675 1376 833 1429 deum
865 1385 916 1429 te
948 1376 1144 1438 dicam,
1176 1376 1305 1430 Iane
1336 1375 1611 1429 biformis?

202 1467 324 1501 nam
355 1446 452 1501 tibi
479 1465 577 1518 par
604 1447 807 1500 nullum
840 1445 1072 1500 Graecia
1101 1465 1298 1501 numen
1329 1446 1505 1500 habet.

131 1518 229 1574 ede
257 1516 415 1572 simul
447 1535 683 1572 causam:
716 1536 811 1571 cur
840 1518 905 1571 de
937 1517 1252 1571 caelestibus
1283 1537 1439 1580 unus,

203 1589 374 1660 sitque
405 1588 549 1660 quod
579 1608 611 1642 a
640 1597 813 1659 terg0,
844 1589 1016 1658 sitque
1049 1589 1191 1658 quod
1224 1600 1372 1653 ante,
1403 1588 1585 1642 vides?

130 1659 262 1716 haec
292 1680 320 1715 e
361 1678 392 1714 o
423 1678 544 1714 cum
575 1660 798 1730 sumptis
830 1660 1085 1731 agitarem
1117 1672 1293 1714 mente
1325 1660 1550 1723 tabellis,

201 1731 306 1786 luci
344 1731 422 1785 ior
450 1731 564 1785 visa
593 1740 696 1794 est,
728 1749 887 1800 quam
919 1731 1020 1785 fuit
1051 1742 1196 1794 ante,
1227 1731 1433 1784 domus.

46 1872 51 1879 ν
131 1812 257 1856 tunc
286 1821 434 1857 sacer
463 1802 677 1873 ancipiti
710 1802 991 1855 mirandus·
1011 1803 1242 1873 imagine
1274 1803 1437 1855 Ianus

205 1874 328 1927 bina
356 1892 544 1945 repens
576 1873 740 1926 oculis
772 1873 960 1926 obtulit
992 1892 1083 1927 ora
1114 1874 1261 1927 meis.

131 1944 351 2000 extimui
381 1944 624 2014 sensique
657 1954 798 1998 metu
828 1945 1053 2015 riguisse
1085 1945 1321 2016 capillos,

204 2025 256 2070 et
284 2015 522 2086 gelidum
552 2015 726 2069 subito
757 2015 952 2086 frigore
981 2025 1166 2086 pectus
1199 2029 1326 2070 erat.

129 2085 218 2141 ille
248 2096 432 2140 tenens
460 2085 710 2140 baculum
740 2087 926 2140 (lextra
956 2087 1265 2155 clavemque
1297 2086 1508 2141 sinistra

205 2157 369 2212 edidit
397 2157 493 2210 hos
523 2157 676 2210 nobis
707 2175 796 2212 ore
828 2158 1000 2227 priore
1032 2176 1213 2210 sonos:

131 2228 300 2282 ‘disce
330 2237 476 2282 metu
505 2228 700 2299 posite,
731 2238 879 2282 vates
910 2247 1129 2299 operose
1161 2229 1382 2291 dierum,

203 2299 346 2369 quod
375 2299 533 2371 petis,
565 2308 617 2353 et
648 2317 804 2353 voces
833 2300 1045 2370 percipe
1077 2312 1250 2353 mente
1281 2318 1443 2353 meaS.

130 2390 216 2425 me
249 2369 427 2424 Chaos
458 2370 662 2441 antiqui
690 2401 762 2409 —
790 2389 914 2423 nam
945 2389 1062 2423 sum
1092 2390 1175 2424 res
1205 2371 1381 2442 prisca
1409 2401 1479 2409 —
1510 2372 1796 2425 vocabant:

204 2442 403 2512 aspice,
435 2459 594 2512 quam
625 2441 770 2512 longi
801 2442 1052 2512 temporis
1084 2456 1203 2495 acta
1233 2460 1437 2495 canam.

67 2532 70 2533 ⁷
130 2513 334 2566 lucidus
364 2513 450 2566 hic
480 2517 570 2566 aer
599 2522 673 2574 et,
704 2531 841 2582 quae
871 2513 971 2566 tria
1002 2531 1223 2584 corpora
1251 2524 1466 2576 restant,

202 2583 363 2655 igniS,
396 2602 588 2653 aquae,
620 2584 801 2647 tellus,
832 2604 970 2637 unus
1001 2603 1221 2638 acervus
1253 2595 1380 2638 erat.

130 2665 191 2708 ut
222 2655 383 2709 semel
411 2654 542 2709 haec
571 2674 747 2709 rerum
778 2656 993 2710 secessit
1021 2656 1111 2710 lite
1144 2674 1361 2710 suarum

202 2726 362 2795 inque
392 2744 557 2780 novas
587 2726 716 2779 abiit
746 2746 921 2780 massa
951 2727 1122 2780 soluta
1152 2727 1360 2780 domos:

131 2797 343 2850 flamma
372 2797 505 2868 petit
534 2798 723 2860 altum,
754 2799 968 2868 propior
995 2799 1144 2851 locus
1175 2803 1297 2852 aera
1328 2798 1483 2868 cepit,

203 2868 452 2922 sederunt
482 2868 656 2922 medio
686 2877 825 2922 terra
854 2869 1155 2938 fretumque
1186 2870 1315 2922 solo,

131 2947 258 2992 tunc
289 2957 389 3009 ego
399 2978 414 3002 ,
442 2938 536 3009 qui
565 2938 770 2992 fueram
800 2940 991 3010 globus
1022 2950 1074 2993 et
1104 2940 1215 2992 sine
1245 2939 1476 3010 imagine
1509 2940 1691 3004 moleS,

202 3010 257 3063 in
287 3010 479 3063 faciem
507 3010 638 3063 redii
669 3010 935 3080 dignaque
965 3011 1204 3064 membra
1234 3010 1350 3064 deo,

131 3098 273 3134 nunc
302 3099 512 3151 quoque
542 3080 819 3149 (confusae
850 3082 1117 3150 quondam
1147 3092 1274 3135 nota
1305 3101 1469 3152 parva
1498 3081 1727 3152 figurae)

203 3160 324 3206 ante
354 3152 499 3221 quod
529 3161 607 3205 est
636 3152 689 3205 in
720 3171 803 3205 me
834 3165 1084 3223 postque,
1116 3153 1324 3207 videtur
1353 3153 1511 3206 idem.
1541 3182 1614 3190 —

133 3223 337 3294 accipe,
369 3223 639 3292 quaesitae
670 3241 807 3293 quae
838 3243 999 3277 causa
1030 3224 1096 3277 sit
1127 3225 1291 3278 altera
1320 3223 1540 3287 formae,

204 3292 340 3348 hanc
369 3294 525 3347 simul
555 3303 613 3347 ut
641 3294 784 3347 noris
815 3295 1155 3364 officiumque
1186 3314 1379 3349 meum.

134 3363 386 3434 quicquid
414 3365 612 3435 ubique
642 3365 816 3429 vides,
847 3367 1076 3429 caelum,
1108 3386 1278 3430 mare,
1307 3367 1515 3430 nubila,
1545 3375 1733 3421 terras:

207 3435 382 3489 omnia
411 3448 539 3493 sunt,
563 3445 741 3490 nostra
772 3438 952 3491 clausa
981 3447 1269 3508 patentque
1299 3457 1478 3491 manu.

135 3523 220 3560 me
252 3525 414 3578 penes
445 3517 525 3562 est
554 3501 721 3561 unuin
750 3509 887 3562 vasti
917 3509 1156 3563 custodia
1185 3509 1387 3573 mundi,

1504 3592 1558 3632 1*

1875 754 1940 795 80

1877 1109 1938 1151 8⁵

1877 1462 1937 1503 90

1876 1817 1937 1858 9⁵

1878 2173 1965 2213 100
1996 2175 1999 2177 ’

1875 2532 1959 2571 105

1875 2886 1962 2926 110

1823 3239 1828 3244 ’
1876 3242 1957 3280 115
