2158 3906
602 352 920 400 TRISTIUM
949 351 1071 397 LIB.
1103 351 1140 396 1.
1171 350 1210 410 1,
1239 351 1395 395 1-32.
1750 340 1850 391 117

614 836 1375 907 TRISTIUM

759 1016 956 1061 LIBER
984 1013 1238 1061 PRIMUS.

972 1203 1018 1256 Ι.

142 1304 344 1367 Parve,
376 1334 445 1342 —
475 1321 573 1356 nec
603 1302 813 1355 invideo
845 1332 912 1340 —
946 1301 1058 1353 sine
1088 1318 1197 1361 me,
1228 1299 1385 1362 liber,
1418 1300 1518 1352 ibis
1549 1300 1604 1352 in
1635 1300 1847 1353 urbem:

215 1376 264 1429 ei
292 1373 444 1436 mihi,
476 1373 620 1444 quod
651 1372 863 1426 domino
894 1389 1000 1423 non
1029 1370 1151 1424 licet
1181 1369 1255 1422 ire
1287 1369 1402 1423 tuol

143 1446 303 1508 vade,
336 1444 429 1499 sed
458 1444 714 1506 incultus,
745 1443 956 1512 qualem
988 1441 1139 1495 decet
1170 1440 1339 1494 exulis
1371 1459 1509 1494 esse:

214 1515 399 1570 infelix
428 1514 668 1568 habitum
699 1512 951 1583 temporis
982 1511 1139 1564 huius
1170 1510 1324 1564 habe.

143 1605 241 1642 nec
271 1596 323 1641 te
353 1603 618 1657 purpureo
647 1583 823 1638 velent
853 1582 1090 1636 vaccinia
1120 1581 1267 1636 fuco:
1886 1601 1914 1639 5

213 1675 328 1712 non.
349 1666 431 1711 est
461 1655 776 1711 conveniens
806 1654 1036 1707 luctibus
1067 1653 1155 1706 ille
1186 1652 1345 1706 color.

142 1747 242 1784 nec
271 1728 453 1782 titulus
482 1726 669 1789 mini0‚
700 1743 799 1779 nec
830 1724 987 1779 cedro
1019 1723 1201 1778 charta
1230 1733 1456 1787 notetur,

215 1798 439 1853 candida
467 1816 567 1852 nec
596 1797 749 1868 nigra
780 1814 979 1850 cornua
1008 1795 1180 1848 fronte
1250 1814 1382 1848 eras.

143 1869 324 1925 felices
356 1878 544 1923 ornent
571 1868 703 1922 haec
733 1868 1080 1920 instrumenta
1109 1866 1214 1920 libe
1236 1867 1340 1919 los:

213 1940 456 1994 fortunae
485 1957 774 1993 memorem
804 1948 855 1991 te
887 1938 1037 1991 decet
1067 1956 1181 1992 esse
1211 1956 1378 1991 meae.
1891 1954 1946 1992 10

144 2029 243 2066 nec
273 2011 450 2082 fragili
478 2009 721 2081 geminae
750 2008 1017 2080 poliantur
1045 2008 1255 2079 pumice
1287 2007 1503 2069 fronteS,

215 2081 448 2135 hirsutus
480 2080 673 2152 sparsis
703 2090 763 2132 ut
793 2079 1004 2134 videare
1035 2079 1216 2131 comis.

144 2172 280 2208 neve
309 2152 589 2206 liturarum
617 2151 838 2222 pudeat:
871 2150 963 2219 qui
993 2149 1183 2203 viderit
1212 2149 1346 2211 illas,

217 2224 283 2277 de
311 2222 540 2276 lacrimis
569 2222 736 2275 factas
768 2221 958 2275 sentiet
989 2239 1102 2274 esse
1132 2220 1280 2274 meis.

143 2294 304 2358 vade,
333 2294 489 2356 liber,
520 2292 802 2361 verbisque
832 2291 963 2344 meis
993 2292 1110 2344 loca
1139 2301 1292 2362 grata
1322 2291 1515 2344 saluta:
1891 2309 1943 2347 15

216 2365 518 2436 contingam
549 2373 712 2426 certe,
743 2380 849 2431 quo
878 2362 1023 2425 licet,
1053 2362 1144 2414 illa
1174 2362 1323 2432 pede.

147 2436 191 2492 si
220 2436 361 2506 quia,
393 2444 452 2488 ut
479 2435 536 2487 in
565 2434 785 2506 popu10,
818 2433 984 2486 nostri
1014 2450 1119 2485 non
1150 2433 1408 2485 inmemor
1438 2443 1599 2494 extat,

217 2508 262 2560 si
289 2507 431 2576 quis,
462 2504 577 2575 qui,
608 2505 736 2575 quid
766 2523 946 2574 agam,
978 2503 1114 2557 forte
1144 2503 1400 2572 requirat,
1433 2504 1553 2555 erit:

85 2620 91 2625 .
145 2578 322 2632 vivere
352 2595 437 2631 me
468 2576 635 2640 diceS,
666 2576 870 2630 salvum
903 2584 1079 2628 tamen
1110 2593 1224 2628 esse
1255 2574 1502 2644 negabis;

215 2649 269 2702 id
301 2665 511 2718 quoque
522 2686 537 2711 ,
568 2647 712 2716 quod
741 2646 942 2708 vivam,
973 2665 1167 2699 munus
1197 2645 1392 2698 habere
1426 2645 1527 2698 dei.
1888 2663 1945 2702 20

146 2728 302 2789 atque
330 2720 405 2772 ita
433 2727 493 2771 tu
522 2718 733 2779 tacitUS,
765 2717 1038 2786 quaerenti
1067 2717 1221 2787 plura
1249 2716 1524 2786 legendus,

215 2809 308 2853 ne,
339 2789 483 2859 quod
511 2806 620 2841 non
650 2807 781 2858 opus
814 2797 918 2850 est,
950 2787 1086 2841 forte
1115 2787 1359 2854 loquare,
1392 2805 1537 2840 cave.

144 2861 381 2932 protinus
413 2859 713 2913 admonitus
743 2867 946 2929 repetet
975 2877 1094 2911 mea
1124 2857 1342 2910 crimina
1371 2858 1552 2919 lector,

217 2941 269 2986 et
297 2948 522 3002 peragar
549 2929 735 3000 populi>
760 2929 1005 2999 publicus
1036 2946 1125 2980 ore
1155 2947 1293 2980 reus.

145 3011 205 3056 tu
234 3021 363 3056 cave
394 3000 671 3063 defendaS,
702 2999 943 3068 quamvis
972 2998 1281 3052 mordebere
1298 2997 1489 3050 -dictist
1888 3017 1943 3055 25

218 3091 379 3126 causa
406 3071 699 3144 patrocinio
729 3089 836 3123 non
866 3070 1005 3122 bona
1034 3069 1182 3139 peior
1213 3069 1324 3126 erit.

146 3143 381 3197 invenies
412 3143 456 3196 si
486 3160 671 3212 quem,
704 3142 795 3210 qui
826 3160 910 3194 me
942 3140 1167 3210 suspiret
1197 3141 1505 3210 ademptum

219 3215 451 3268 carmina
478 3231 577 3267 nec
607 3212 757 3266 siccis
788 3212 1028 3283 perlegat
1057 3211 1158 3264 ista
1186 3211 1338 3281 genis

149 3293 203 3338 et
229 3284 418 3339 tacitus
449 3302 652 3347 secum,
682 3303 749 3339 ne
781 3283 899 3352 quis
930 3283 1100 3336 malus
1132 3282 1335 3344 audiat,
1366 3290 1526 3352 optet,

219 3355 286 3409 sit
313 3375 432 3410 mea
458 3356 621 3410 lenito
653 3352 882 3408 Caesare
913 3372 1084 3424 poena
1115 3353 1307 3406 minor:
1852 3354 1861 3361 '
1887 3372 1943 3411 30

148 3443 244 3479 nos
273 3443 506 3495 quoque,
536 3425 774 3495 quisquis
806 3425 926 3487 erit,
956 3443 1022 3478 ne
1053 3425 1119 3477 sit
1148 3424 1306 3477 miser
1335 3423 1471 3495 ipse,
1503 3443 1795 3495 precamur,

221 3497 454 3566 placatos
484 3497 674 3551 misero
705 3496 797 3565 qui
827 3497 968 3550 volet
999 3514 1112 3548 esse
1144 3495 1286 3549 deos.
