2158 3906
20 2562 27 2634 ἰ

19 2674 27 2717 μ

21 2752 24 2815 !

19 2898 28 3051 ᾗ

21 3042 27 3096 ‘⁴

21 3199 23 3225 1

0 3461 9 3906 ῐ

496 319 845 368 FASTORUM
874 321 995 366 LIB.
1026 320 1088 365 11.
1120 321 1359 366 340—427.

150 421 405 486 ediderat,
435 429 624 492 patruo
654 441 819 492 regna
849 431 1059 477 tenente
1091 441 1202 475 suc.

77 494 126 551 is
152 494 297 549 iubet
327 491 522 546 auferri
550 511 742 562 parvos
774 502 827 546 et
854 494 909 545 in
941 513 1094 547 amne
1124 493 1315 547 necari.

148 564 277 634 quid
305 562 468 617 facis?
498 581 564 616 ex
594 563 705 616 istis
736 564 994 617 Romulus
1026 565 1157 618 alter
1186 564 1307 618 erit!

17 663 19 665 ·
76 634 221 691 iussa
247 642 549 688 recusantes
578 643 841 704 peragunt
870 635 1147 688 lacrimosa
1174 635 1414 698 ministri,
1444 665 1518 674 —

147 706 274 759 flent
301 713 479 764 tamen
505 733 578 742 —
607 713 659 758 et
687 705 926 775 geminos
957 706 1010 758 in
1041 706 1158 759 loca
1187 706 1327 759 iussa
1358 706 1550 759 ferunt.

21 778 23 812 ³
75 775 302 838 Albula,
332 793 497 844 quem.
519 774 757 828 Tiberim
787 795 989 829 mersus
1019 777 1302 830 Tiberinus
1333 777 1386 830 in
1417 776 1572 829 undis

147 845 397 910 reddidit,
428 845 659 899 hibernis
689 846 825 900 forte
855 847 1090 901 tumebat
1122 848 1288 916 aquis.

19 935 25 973 f
74 916 186 982 hic,
216 917 310 970 ubi
337 934 478 970 nunc
507 916 624 970 fora
652 926 799 981 sunt,
829 918 1010 971 lintres
1041 937 1213 972 errare
1243 918 1466 979 videres,

147 1005 358 1058 quaque
386 987 561 1041 iacent
589 989 775 1051 valles,
807 989 1045 1042 Maxime
1078 988 1259 1052 Circe,
1291 998 1429 1042 tuae.

17 1033 27 1055 γ
74 1057 181 1113 huc
209 1059 303 1111 ubi
331 1067 610 1120 venerunt,
639 1089 711 1097 —
739 1078 912 1128 neque
943 1060 1083 1113 enim
1111 1060 1394 1130 procedere
1425 1068 1645 1130 possunt

146 1129 356 1199 longius
387 1159 457 1168 —-
486 1148 552 1183 ex
581 1130 682 1183 illis
713 1149 849 1183 unus
881 1139 933 1184 et
963 1132 1094 1184 alter
1124 1131 1220 1182 ait:

70 1204 154 1253 ‘at
185 1217 346 1268 quam
375 1207 498 1258 sunt
527 1199 744 1253 similes1
784 1210 839 1253 at
868 1219 1027 1268 quam
1058 1199 1595 1269 formosus'uterque!

145 1270 264 1341 plus
295 1278 471 1322 tamen
501 1288 567 1323 ex
595 1270 698 1323 illis
728 1270 825 1323 iste
855 1271 1052 1340 vigoris
1083 1271 1257 1323 habet.

70 1339 122 1396 εἰ
147 1358 317 1412 genus
347 1339 585 1410 arguitur
613 1341 784 1402 voltu,
816 1341 916 1393 nisi
947 1341 1080 1393 fallit
1109 1341 1303 1410 imag0,

144 1410 320 1465 nescio
350 1427 510 1479 quem
539 1410 689 1463 vobis
719 1411 955 1481 suspicer
984 1430 1099 1465 esse
1129 1411 1286 1465 deum
1319 1450 1331 1463 .
1365 1451 1379 1463 .
1410 1449 1424 1464 .
1454 1448 1471 1466 .

72 1489 131 1538 at
159 1481 203 1535 si
230 1480 347 1551 quis
377 1489 581 1534 vestrae
613 1481 742 1535 deus
774 1492 911 1535 esset
940 1482 1155 1552 originis
1186 1492 1384 1545 auctor,

143 1552 200 1606 in
227 1561 335 1606 tam
364 1551 634 1622 praecipiti
665 1561 899 1622 tempore
930 1552 1088 1606 ferret
1118 1571 1291 1623 opem.

26 1667 27 1670 η
71 1623 235 1679 ferret
262 1640 416 1693 opem
445 1631 610 1686 certe,
643 1622 686 1675 si
716 1641 823 1676 non
853 1641 952 1693 ope
983 1632 1150 1677 mater
1180 1634 1375 1693 egeret,

71 1718 77 1725 ·
145 1711 281 1764 quae
309 1692 450 1747 facta
478 1702 558 1747 est
586 1711 693 1747 uno
722 1703 892 1747 mater
921 1704 972 1748 et
1003 1695 1132 1747 orba
1162 1695 1262 1748 die.

26 1793 27 1817 i
70 1773 199 1819 nata
219 1763 404 1828 simul,
434 1764 687 1818 moritura
717 1765 897 1827 simul,
929 1766 1085 1818 simul
1116 1765 1186 1818 ite
1218 1766 1317 1818 sub
1348 1766 1518 1820 undas

145 1834 412 1907 corporal'
451 1834 699 1899 desierat,
731 1835 1078 1906 deposuitque
1110 1837 1244 1889 sinu.

70 1905 350 2030 vagierunt
380 1905 536 1965 ambo
565 1907 761 1977 pariter
787 1937 860 1945 —
888 1908 1112 1961 sensisse
1143 1918 1355 1978 putares
1385 1927 1479 1971 -;

180 1977 199 2030 i
226 1977 448 2031 redeunt
476 1977 594 2031 udis
623 1978 679 2031 in
710 1997 806 2031 sua
836 1987 974 2032 tecta
1002 1979 1169 2049 genis.

25 2075 27 2101 ;
71 2048 293 2104 sustinet
319 2047 592 2118 impositos
623 2067 829 2102 summa
855 2067 1019 2102 rcavus
1051 2051 1231 2103 alveus
1262 2050 1421 2102 unda.

141 2118 247 2173 heu
276 2128 534 2187 quantum
562 2118 659 2172 fati
688 2138 853 2190 parva
882 2121 1076 2173 tabella
1107 2120 1246 2173 tulit!

20 2195 27 2251 ἶ
69 2188 253 2251 alveus
282 2190 338 2242 in
365 2189 491 2242 limo
521 2189 664 2245 silvis
695 2190 947 2261 adpulsus
979 2191 1157 2261 opacis

142 2260 397 2332 paulatim
426 2260 587 2314 fluvio
617 2260 891 2315 deficiente
922 2262 1084 2315 sedet.

20 2309 28 2405 Ξ
54 2330 228 2387 'arbor
257 2339 383 2386 erat.
455 2341 729 2386 remanent
759 2333 1001 2402 vestigia:
1034 2351 1277 2402 quaeque
1307 2343 1526 2386 vocatur

143 2402 374 2456 Rumina
403 2421 546 2456 nunc
575 2403 731 2466 ficus,
761 2403 991 2456 Romula
1020 2404 1151 2457 ficus
1183 2414 1308 2457 erat.

20 2475 27 2534 ζ’
71 2473 215 2530 venit
243 2473 311 2527 ad
339 2473 603 2544 expositos
632 2504 706 2512 —
732 2474 947 2527 mirumi
978 2505 1050 2512 —
1078 2475 1205 2544 lupa
1235 2475 1344 2528 feta
1373 2475 1643 2545 gemellos.

144 2543 261 2613 quis
291 2544 469 2598 credat
496 2545 673 2615 pueris
703 2563 810 2598 non
839 2546 1081 2599 nocuisse
1112 2547 1311 2599 feram?

1669 309 1785 362 =27

1814 510 1897 548 385

1812 862 1897 902 390

1808 1216 1892 1255 395

1808 1571 1895 1611 400

1806 1926 1892 1965 405

1806 2281 1894 2321 410

72 2631 180 2668 non
199 2615 440 2669 nocuisse
462 2634 651 2686 parum
675 2625 775 2669 est:
800 2618 1011 2686 prodest
1027 2635 1255 2686 quoque.
1287 2635 1420 2685 quos
1445 2617 1571 2686 lupa
1595 2618 1774 2681 nutrit,
1805 2637 1889 2675 415

142 2685 359 2756 perdere
389 2695 644 2757 cognatae
674 2687 968 2741 sustinuere
999 2687 1211 2740 manus!

72 2755 302 2809 constitit
331 2764 384 2810 et
412 2757 582 2810 cauda
609 2758 802 2811 teneris
831 2758 1099 2811 blanditur
1129 2759 1354 2811 alumnis

145 2835 197 2880 et
223 2826 376 2898 fingit
402 2826 587 2898 lingua
616 2846 838 2898 corpora
866 2829 992 2881 bina
1022 2849 1133 2882 sua.

74 2893 250 2951 Marte
279 2907 418 2951 satos
450 2898 631 2952 scires:
662 2898 819 2952 timor
849 2899 998 2951 afuit.
1071 2900 1236 2952 ubera
1267 2899 1470 2954 ducunt

143 2986 241 3022 nec
269 2968 371 3022 sibi
398 2968 641 3039 promissi
668 2969 817 3022 lactis
849 2971 1061 3022 aluntur
1090 2988 1205 3040 ope.

74 3036 164 3092 illa
190 3039 306 3093 loco
335 3057 528 3093 nomen
557 3039 706 3103 fecit,
736 3041 882 3093 locus
913 3041 1025 3111 ipse
1056 3041 1333 3110 LuperciS.

144 3127 339 3180 magna
367 3109 476 3163 dati
504 3111 683 3163 nutrix
710 3112 946 3180 praemia
974 3112 1122 3164 lactis
1153 3112 1327 3164 habet.
1358 3142 1431 3150 -

79 3174 231 3251 [quid
257 3189 401 3235 vetat
428 3181 662 3234 Arcadio
694 3182 860 3234 dictos
892 3202 922 3234 a
951 3191 1129 3235 monte
1159 3182 1466 3252 Lupercos?

134 3249 362 3304 Faunus
390 3251 446 3304 in
475 3252 709 3306 Arcadia
738 3254 934 3323 templa
964 3253 1212 3323 Lycaeus
1244 3252 1441 3322 habet.]

75 3329 262 3391 nupta,
291 3322 420 3390 quid
448 3324 727 3393 expectas?
756 3343 863 3377 non
893 3333 951 3376 tu
981 3325 1300 3394 pollentibus
1332 3325 1510 3378 herbis

146 3409 245 3444 nec
271 3410 425 3462 prece
454 3412 551 3447 nec
580 3395 788 3464 magico
820 3395 1050 3448 carmine
1080 3405 1249 3448 mater
1278 3396 1397 3449 eris·

77 3460 260 3532 excipe
288 3462 544 3519 fecundae
575 3466 835 3535 patient-er
864 3466 1084 3519 verbera
1115 3466 1356 3519 dextrae:

1808 2991 1894 3031 420

1806 3344 1889 3382 425
