2158 3906
527 334 877 382 FASTORUM
905 335 1026 381 LIB.
1058 336 1140 383 IV.
1174 336 1416 381 491—578.

118 456 258 512 quae
289 435 414 506 quia
432 436 699 559 lprincipio
730 437 907 507 posuit
935 438 1129 491 ieiunia
1157 438 1345 500 noctis,

194 518 402 578 tempus
470 507 630 561 abent
659 517 863 576 mystae
892 507 1066 561 sidera
1095 509 1211 562 visa
1242 508 1361 562 cibi.

119 579 283 633 limen
312 586 371 631 ut
398 577 636 642 intravit,
666 579 840 632 luctus
870 579 1013 631 videt
1044 580 1220 632 omnia
1251 581 1422 650 plena.

194 649 299 702 iam
327 667 448 719 spes
477 648 533 702 in
563 666 728 719 puero
758 649 905 702 nulla
935 650 1117 703 salutis
1149 662 1276 704 erat.

119 730 289 776 matre
318 719 545 773 salutata
574 750 644 759 -
673 730 841 773 mater
869 720 1138 774 Metanira
1167 731 1385 774 vocatur
1417 749 1492 763 --

193 791 411 860 iungere
441 790 659 860 dignata
689 799 767 845 est
796 809 854 843 os
885 792 1084 861 puerile
1116 811 1229 845 suo·

119 861 291 934 pallor
320 860 451 925 abit,
483 861 790 931 subitasque
821 861 1001 915 vident
1030 863 1084 915 in
1115 881 1332 933 corpore
1364 863 1518 918 vires.

194 940 371 985 tantus
401 932 614 986 caelesti
644 932 787 986 venit
817 933 886 986 ab
916 952 1006 987 ore
1036 933 1202 1003 vigor.

118 1011 233 1057 tota
263 1002 450 1057 domus
479 1004 618 1057 laeta
648 1013 728 1057 est
759 1003 885 1071 (hoc
915 1014 1018 1067 est,
1048 1014 1320 1073 materque
1351 1014 1607 1075 paterque

193 1082 444 1143 nataque:
475 1083 581 1128 tres
611 1074 687 1127 illi
716 1084 826 1128 tota
855 1074 1003 1128 fuere
1035 1075 1264 1142 domus).

70 1143 85 1153 '⁴
116 1162 246 1199 mox
275 1145 457 1215 epulas
487 1155 715 1215 ponunt,
745 1145 1031 1213 liquefacta
1062 1146 1286 1214 coagula
1315 1146 1450 1199 lacte

193 1233 458 1285 pomaque
489 1225 539 1269 et
569 1215 624 1268 in
654 1216 786 1269 ceris
816 1235 977 1269 aurea
1008 1216 1163 1269 mella
1192 1215 1316 1268 suis.

67 1296 71 1297 ⁷
115 1286 350 1340 abstinet
379 1285 518 1338 alma
550 1284 739 1348 Ceres,
775 1286 1050 1354 somnique
1081 1304 1347 1408 papavera
1377 1304 1564 1340 causas

193 1356 282 1410 dat
311 1355 408 1409 tibi
438 1374 560 1410 cum
590 1355 770 1426 tepido
800 1357 935 1410 lacte
968 1357 1124 1410 biben
1166 1376 1219 1418 a,
1251 1375 1399 1426 puer.

115 1426 289 1482 noctis
320 1436 432 1481 erat
460 1427 693 1480 medium
723 1427 1021 1497 placidique
1052 1427 1259 1480 silentia
1290 1427 1484 1480 somni:

195 1497 579 1568 Triptolemum
608 1497 811 1568 gremio
842 1497 1053 1551 sustulit
1082 1498 1173 1551 illa
1203 1516 1299 1550 suo

116 1578 305 1638 terque
334 1587 496 1622 manu
524 1568 798 1639 permulsit
827 1588 974 1632 eum3
1006 1569 1106 1622 tria
1136 1569 1370 1622 carmina
1401 1569 1549 1633 dixit,

194 1639 423 1693 carmina
452 1639 660 1693 mortali
689 1657 795 1692 non
825 1640 1101 1694 referenda
1132 1658 1279 1702 sono,

114 1709 279 1780 inque
308 1709 427 1765 foco
459 1728 648 1781 corpus
679 1711 830 1782 pueri
861 1711 1070 1765 vivente
1101 1711 1282 1764 favilla

193 1780 390 1845 obruit,
421 1780 714 1835 humanum
744 1793 934 1853 purget
964 1792 1022 1835 ut
1053 1782 1190 1852 ignis
1221 1801 1371 1835 onus,

114 1852 384 1906 excutitur
413 1871 596 1906 somno
627 1854 785 1907 stulte
816 1854 904 1924 pia
933 1865 1125 1916 mater,
1156 1865 1209 1907 et
1239 1873 1419 1906 amens

194 1922 347 1992 ‘quid
375 1922 559 1976 facis?’
591 1924 850 1978 exclamat
878 1925 1220 1993 membraque
1251 1925 1319 1977 ab
1350 1925 1472 1995 igne
1504 1926 1656 1996 rapit.

115 1994 208 2047 ⁴cui
237 1994 337 2047 dea
367 1994 518 2047 ‘dum
547 2012 655 2049 non
685 2013 740 2048 es
753 1995 783 2058 ,'
816 1995 947 2048 dixit
976 1996 1255 2050 ‘scelerata
1285 1996 1455 2048 fuisti:

192 2065 347 2117 inrita
376 2073 611 2118 materno
642 2075 765 2118 sunt
792 2085 911 2120 mea
940 2066 1079 2118 dona
1110 2078 1270 2119 metu.

117 2135 219 2189 iste
249 2135 463 2204 quidem
493 2136 725 2189 mortalis
755 2137 875 2190 erit:
908 2137 1001 2191 sed
1031 2137 1228 2206 primus
1260 2137 1429 2189 arabit

192 2215 245 2260 et
274 2215 410 2260 seret
441 2215 493 2260 et
522 2208 663 2260 culta
692 2207 926 2278 praemia
956 2208 1102 2262 tollet
1131 2208 1324 2260 humo.’

113 2276 276 2340 dixit,
307 2285 359 2330 et
389 2277 663 2347 egrediens
693 2279 890 2332 nubem
920 2278 1078 2331 trahit
1108 2279 1268 2347 inque
1299 2278 1554 2332 dracones

191 2347 376 2400 transit
406 2358 456 2401 et
486 2348 668 2401 alifero
699 2349 897 2402 tollitur
926 2368 1024 2403 axe
1056 2347 1237 2403 Ceres,

117 2418 325 2474 Sunion
357 2419 652 2489 expositum
681 2419 978 2489 Piraeaque
1009 2431 1122 2473 tuta
1151 2439 1363 2474 recessu

189 2489 399 2557 linquit,
431 2498 483 2544 et
511 2489 564 2542 in
596 2490 839 2544 dextrum
907 2511 1005 2545 uae
1036 2492 1172 2545 iacet
1202 2509 1294 2544 ora
1321 2492 1475 2544 latus.

115 2559 242 2613 hinc
269 2560 366 2614 init
394 2560 698 2631 Aegaeum,
729 2579 834 2630 quo
916 2563 1131 2632 ycladas
1163 2562 1350 2633 aspicit
1380 2581 1580 2627 omneS‚

190 2631 503 2700 Ioniumque
533 2651 697 2702 rapax
726 2633 1062 2703 Icariumque
1092 2634 1221 2703 legit

117 2703 505 2773 perque-urbes
536 2703 700 2757 Asiae
730 2705 949 2774 longum
979 2705 1110 2774 petit
1140 2705 1548 2775 Hellespontum

192 2773 561 2842 diversumque
590 2775 718 2828 locis
749 2775 854 2827 alta
884 2785 1115 2845 pererrat
1147 2776 1261 2829 iter.

115 2862 243 2896 nam
271 2844 429 2897 modo
460 2844 712 2915 turilegos
742 2846 978 2909 ArabaS,
1007 2847 1164 2899 modo
1195 2846 1416 2915 despicit
1446 2847 1631 2908 Indos3

190 2914 313 2968 hinc
342 2915 537 2984 Libys,
568 2915 690 2969 hinc
719 2915 907 2970 Meroe
937 2917 1180 2984 siccaque
1211 2927 1350 2969 terra
1379 2917 1585 2979 subest3

1867 454 1951 493 535

1865 809 1952 848 540

1866 1164 1951 1203 545

1862 1517 1949 1556 550

1861 1873 1946 1911 555

1859 2227 1946 2266 560

1857 2582 1942 2621 565

1857 2937 1942 2975 570

117 3004 262 3039 nunc
290 2985 401 3039 adit
429 2986 734 3056 Hesperios,
765 2987 1031 3049 Rhenum,
1061 2988 1485 3056 Rhodanumque
1509 2988 1827 3058 Padumque

191 3065 349 3125 teque
379 3056 556 3111 future
586 3077 800 3128 parens,
831 3058 1059 3128 Thybri,
1090 3058 1317 3128 potentis
1347 3076 1532 3127 aquae.

117 3145 227 3197 quo
256 3127 427 3181 feror?
455 3128 752 3181 inmensum
783 3139 862 3182 est
892 3139 1088 3183 erratas
1120 3129 1293 3183 dicere
1324 3138 1513 3184 terras:

191 3198 504 3268 praeteritus
536 3197 720 3252 Cereri
749 3201 925 3253 nullus
956 3200 1010 3253 in
1040 3201 1166 3254 orbe
1197 3201 1361 3253 locuS.

118 3278 259 3322 errat
288 3278 340 3323 et
367 3270 423 3322 in
453 3271 622 3333 eae10‚
652 3271 941 3340 liquidique
971 3271 1226 3324 immunia
1254 3272 1401 3341 ponti

194 3339 492 3409 adloquitur
519 3342 694 3412 gelido
726 3343 965 3412 proxima
996 3343 1148 3413 signa
1177 3343 1313 3412 polo,

121 3408 491 3464 ‘Parrhasides
523 3414 726 3474 stellae,
757 3444 828 3451 —
856 3431 1085 3482 namque
1116 3414 1291 3466 omnia
1320 3432 1475 3467 nosse
1514 3417 1750 3485 potestiS‚

195 3498 479 3550 aequoreas
509 3501 801 3552 numquam
832 3503 954 3538 cum
985 3484 1216 3539 subeatis
1247 3503 1412 3554 aquas
1443 3516 1516 3524 —-

1858 3292 1942 3330 515
