2158 3906
498 337 847 384 FASTORUM
876 338 996 382 LIB.
1029 337 1091 382 II.
1122 337 1363 383 428—il4.
1719 325 1788 378 29

188 460 246 497 ro
276 459 382 511 quo
411 458 553 493 nunc
585 440 726 493 cerni
755 439 929 492 sidera
957 458 1149 492 munus
1181 438 1392 492 habent.

80 513 138 579 in
175 533 203 568 e
232 512 381 566 nefas
413 511 614 564 ducunt
643 529 811 592 genus
843 510 942 562 hoc
973 510 1243 580 imponere
1274 509 1469 563 mensis

151 602 250 639 nec
279 582 477 645 violant
507 581 674 634 timid1
704 580 935 651 piscibus
967 599 1059 633 ora
1091 580 1232 652 Syri.
1819 597 1903 635 474

81 723 333 782 Proxima
362 723 455 777 lux
484 740 655 775 vacua
686 731 787 786 est,
819 731 872 775 at
904 723 1057 776 tertia
1088 723 1227 776 dicta
1258 721 1500 789 Quirino.
1623 718 1699 764 16'·
1735 720 1777 764 G
1805 720 1907 764 ΕΝ

23 859 26 867 ἱ
151 794 242 864 qui
271 802 414 848 tenet
443 793 544 847 hoc
572 811 790 855 nomen,
823 793 1082 846 Romulus
1113 803 1234 846 ante
1265 794 1388 845 fuit:
1621 775 1906 883 ρῐζῖῂῆυ,

23 892 28 924 5
76 865 215 928 aive,
246 865 389 934 quod
418 863 571 918 hasta
601 864 788 922 ‘curis'
819 865 1004 934 priscis
1037 875 1114 918 est
1145 864 1285 917 dicta
1316 862 1547 927 Sabinis,

21 936 28 1000 Ῐ
150 936 370 990 bellicus
401 955 434 989 a
462 936 567 989 telo
598 935 742 988 venit
771 935 825 987 in
856 945 997 988 astra
1027 936 1180 988 deus:

24 1007 29 1034 '³
78 1006 191 1064 aive
220 1025 317 1061 suo
346 1006 461 1077 regi
490 1024 682 1060 nomen
712 1024 934 1089 posuere
966 1006 1224 1073 Quirites:

25 1074 28 1080 ’
66 1087 75 1133 ζ’
151 1097 247 1131 seu
277 1077 403 1147 quia
431 1077 686 1132 Romanis
716 1086 958 1130 lunxerat
989 1077 1075 1130 ille
1107 1074 1294 1130 Cures.
1818 1095 1902 1135 480

25 1150 29 1192 ἶ
59 1166 203 1221 „nam
271 1158 383 1202 ater
412 1148 752 1218 armipotenS,
784 1156 1062 1217 postquam
1093 1166 1233 1200 nova
1261 1147 1470 1200 moenia
1500 1148 1630 1201 vidit

23 1242 28 1249 ¹
77 1222 84 1260 -'
150 1228 420 1288 mutaque
449 1219 710 1279 Romulea
741 1219 877 1271 bella
907 1227 1121 1287 peracta
1151 1237 1329 1279 manu,

24 1295 29 1356 ξ
75 1289 386 1360 ‘Iuppiterss
417 1288 589 1357 inquit
619 1288 803 1341 ‘habet
833 1288 1076 1341 Romana
1105 1288 1342 1357 potentia
1373 1288 1534 1342 vires:

25 1357 28 1431 l
78 1379 79 1382 ¹
152 1359 421 1430 sanguinis
452 1358 627 1412 officio
658 1377 763 1411 non
795 1367 914 1428 eget
944 1358 1034 1410 illa
1064 1359 1184 1411 mei.

25 1434 29 1493 ἓ
78 1430 241 1486 redde
269 1429 406 1501 patri
434 1438 633 1482 natum.
709 1428 951 1497 quamvis
982 1429 1242 1481 intercidit
1274 1430 1421 1490 alter,
1817 1449 1901 1489 485

25 1496 28 1512 ’
151 1518 246 1573 pro
276 1519 332 1554 se
362 1518 561 1571 proque
593 1499 786 1562 Remo,
818 1500 908 1568 qui
941 1499 1068 1551 mihi
1100 1509 1284 1562 restat,
1317 1501 1430 1553 erit.

25 1583 29 1603 ²
57 1573 259 1626 '“unus
289 1570 410 1635 erit,
439 1589 599 1640 quem
630 1582 688 1624 tu
718 1570 869 1624 tolles
900 1570 953 1623 in
986 1571 1197 1624 caerula
1227 1571 1399 1624 caeli’'

26 1645 27 1649 ’
150 1652 210 1696 tu
237 1641 366 1695 mihi
396 1641 590 1695 dixisti.
666 1641 770 1695 sint
799 1651 914 1694 rata
943 1641 1084 1694 dicta
1116 1641 1289 1694 Iovis.'

24 1710 28 1784 ξ
78 1712 317 1785 Iuppiter
346 1712 617 1766 adnuerat.
692 1721 824 1765 nutu
858 1712 1195 1765 tremefactus
1227 1722 1451 1782 uterquc

24 1785 29 1827 l
150 1794 229 1838 est
257 1783 436 1855 polus,
466 1792 518 1837 et
548 1783 680 1837 caeli
710 1783 946 1853 pondera
976 1784 1122 1836 novit
1152 1783 1326 1836 Atlas.
1818 1802 1903 1842 490

21 1826 29 1920 i
62 1852 160 1911 ost
186 1854 356 1918 locus,
388 1853 591 1923 antiqui
622 1852 862 1924 Capreae
894 1854 1072 1908 dixere
1105 1854 1377 1976 paludem:

22 1921 28 1975 :7
91 1938 114 1986 “,
150 1925 284 1980 forte
315 1925 418 1978 tuis
448 1925 578 1988 illic,
611 1925 861 1986 Romule,
893 1925 1008 1978 iura
1041 1925 1106 1978 da
1129 1946 1220 1978 ms.

56 1996 157 2063 apol
186 1997 347 2068 fugit,
380 2008 432 2050 et
459 2006 733 2050 removent
763 1996 1044 2049 subeuntia
1074 1997 1256 2049 nubila
1286 1997 1509 2060 caelum,

76 2090 79 2094 >
151 2076 204 2122 et
232 2067 409 2138 gravis
441 2067 623 2121 effusis
654 2067 848 2120 decidit
877 2067 1046 2120 imber
1075 2068 1242 2136 aquis.

74 2134 202 2208 hinc
232 2146 403 2202 tonat,
433 2137 556 2191 hinc
586 2137 758 2190 missis
790 2138 1121 2208 abrumpitur
1150 2138 1363 2207 ignibus
1395 2138 1590 2193 aether.
1818 2156 1901 2195 495

148 2209 208 2262 fit
237 2209 382 2280 fuga.
455 2227 549 2262 rex
578 2209 761 2278 patriis
793 2221 933 2261 astra
962 2209 1175 2279 petebat
1205 2210 1370 2278 equis.

76 2278 251 2336 luctus
281 2288 416 2343 erat,
447 2279 716 2347 falsaeque
747 2289 922 2349 patres
952 2280 1006 2332 in
1037 2280 1252 2333 crimine
1284 2281 1460 2334 caedis
1470 2301 1486 2343 ;

119 2399 125 2406 Ι
150 2350 508 2419 haesissetque
538 2350 726 2403 animis
756 2350 977 2403 forsitan
1007 2351 1097 2402 illa
1127 2351 1281 2403 fides:

78 2421 174 2477 sed
201 2421 462 2474 Proculus
491 2420 686 2492 Longa
715 2421 962 2474 veniebat
990 2421 1159 2474 Iulius
1190 2422 1350 2484 Alba,

28 2511 29 2550 ζ
62 2506 111 2525 Χ
149 2492 378 2560 lunaque
407 2491 671 2563 fulgebat,
702 2511 800 2545 nec
829 2492 960 2545 facis
991 2511 1118 2545 usus
1149 2504 1276 2556 erat,
1818 2512 1902 2550 500

27 2567 29 2575 ’
78 2580 200 2617 cum
231 2563 404 2616 subito
434 2571 583 2616 motu
612 2582 796 2633 saepes
828 2572 1088 2617 tremuere
1119 2563 1376 2617 sinistrae.

145 2633 349 2687 rettulit
377 2633 464 2687 ille
492 2634 713 2704 gradu8‚
744 2633 1166 2704 horrueruntque
1199 2653 1399 2688 comae.

27 2760 29 2776 2
78 2704 296 2775 pulcher
325 2714 376 2759 et
406 2704 638 2757 humano
668 2705 835 2758 maior
865 2706 1154 2774 trabeaque
1185 2706 1406 2759 decorus

27 2777 29 2813 ἶ
151 2774 408 2828 Romulus
438 2776 494 2828 in
522 2775 697 2829 media
726 2777 871 2828 visus
903 2777 1086 2829 adesse
1117 2777 1203 2829 via

78 2854 135 2899 et
163 2845 355 2900 dixisse
385 2845 542 2899 simul
573 2846 816 2916 ‘prohibe
845 2847 1028 2917 lugere
1060 2845 1313 2913 Quirites,
1819 2867 1900 2905 505

149 2934 247 2970 nec
276 2917 473 2970 violent
501 2917 730 2970 lacrimis
759 2918 979 2970 numina
1007 2928 1188 2970 nostra
1218 2918 1342 2970 suis.

28 2984 45 3050 s
81 2993 200 3040 tura
226 2987 399 3040 ferant
429 2987 743 3058 placentque
772 3006 971 3040 novum
1002 2988 1091 3058 pia
1119 2988 1276 3041 turba
1306 2987 1593 3055 Quirinum

152 3066 205 3111 et
231 3059 428 3128 patrias
459 3068 596 3112 artes
626 3058 972 3127 militiamque
1003 3059 1211 3111 colant.'

82 3124 255 3192 iussit,
273 3137 339 3182 -et
366 3129 422 3181 in
452 3138 635 3183 tenues
665 3129 829 3182 oculis
861 3130 1073 3182 evanuit
1104 3149 1276 3182 auraS.

152 3208 404 3254 convocat
433 3199 519 3253 hic
549 3201 774 3271 populos
803 3200 1053 3269 iussaque
1084 3201 1248 3254 verba
1276 3201 1453 3254 refert.
1817 3220 1901 3258 510

70 3270 279 3340 'templa
307 3270 406 3324 deo
435 3270 591 3334 fiunt,
625 3271 772 3324 collis
802 3289 1013 3340 quoque
1045 3271 1217 3324 dictus
1248 3271 1316 3324 ab
1347 3271 1435 3324 illo
1467 3280 1566 3336 est5

155 3348 209 3393 et
234 3340 466 3395 referunt
495 3342 624 3396 certi
654 3361 804 3395 sacra
832 3353 1053 3412 paterna
1083 3343 1211 3395 dies.
1242 3372 1315 3380 —

84 3406 178 3463 lux
204 3427 415 3481 quoque
445 3431 539 3466 cur
568 3414 753 3466 eadem
785 3412 1082 3467 Stultorum
1111 3413 1248 3466 festa
1278 3422 1512 3476 vocetur,

156 3481 348 3553 accipe.
422 3502 587 3554 parva
615 3484 831 3554 quidem
859 3502 1042 3547 causa,
1074 3485 1168 3537 sed
1199 3493 1324 3554 apta
1352 3485 1550 3537 subest.

22 3346 26 3435 i

22 3438 26 3556 ἱ

23 3568 26 3637 1
