2158 3906
364 311 467 364 140
918 317 971 359 P.
995 316 1216 371 ¹OVIDII
1245 314 1518 362 NASONIS

369 435 420 478 at
452 425 518 486 si,
551 421 694 491 quod
723 420 956 480 mallem,
990 436 1218 470 vacuum
1248 416 1471 470 fortasse
1500 415 1705 480 fuisset,

257 515 338 555 240
441 494 646 546 nullum
675 490 892 559 legisses
925 488 1122 540 crimen
1150 488 1205 539 in
1235 488 1370 540 Arte
1397 506 1534 540 mea.

369 567 459 618 illa
490 563 701 632 quidem
731 561 901 611 fateor
930 558 1116 610 frontis
1146 576 1253 610 non
1283 576 1398 611 esse
1429 576 1644 611 severae

445 635 660 702 scripta,
693 648 791 682 nec
823 649 854 682 a
883 638 1030 681 tanto
1060 629 1297 699 principe
1329 629 1491 699 digna
1520 629 1649 698 legi:

371 725 477 758 non
507 713 684 755 tamen
713 700 909 752 idcirco
938 701 1119 770 legum
1150 700 1411 752 contraria
1438 699 1595 752 iussis

443 783 565 828 sunt
595 791 681 834 ea,
712 771 981 824 Romanas
1014 770 1326 824 erudiuntve
1355 789 1538 822 nurus·

255 865 338 904 245
370 864 529 908 neve,
563 843 755 912 quibus
787 842 1038 904 scribam,
1068 842 1238 911 possis
1269 841 1535 903 dubitare,
1565 841 1787 904 libellos,

443 924 691 984 quattuor
721 913 816 965 hos
848 931 1032 965 versus
1064 931 1092 965 e
1122 912 1291 964 tribus
1320 930 1460 964 unus
1490 911 1673 964 habet:

372 994 508 1040 ‘este
538 985 746 1055 procul,
777 983 938 1036 vittae
969 993 1178 1046 16111166,
1209 982 1416 1052 insigne
1445 982 1681 1052 pudoris,

442 1074 687 1126 quaeque
719 1055 853 1124 tegis
884 1054 1085 1107 medios
1115 1054 1294 1106 instita
1323 1054 1484 1123 longa
1513 1052 1697 1122 pedes!

369 1130 444 1181 nil
475 1128 578 1180 nisi
606 1126 902 1196 legitimum
933 1143 1288 1193 concessaque
1317 1124 1461 1176 furta
1491 1142 1759 1186 canemUS,

256 1219 339 1264 250
442 1200 603 1266 inque
633 1215 751 1249 meo
782 1197 988 1248 nullum
1018 1196 1248 1248 carmine
1279 1195 1478 1248 crimen
1508 1195 1638 1247 erit.’

374 1269 565 1339 ecquid
596 1269 663 1320 ab
694 1268 793 1320 hac
825 1285 1006 1319 omnes
1036 1267 1205 1336 rigide
1237 1265 1617 1318 summovimus
1648 1265 1802 1328 Arte,

446 1359 578 1409 quas
611 1339 745 1391 stola
776 1338 1009 1406 contingi
1039 1338 1273 1405 vittaque
1303 1345 1516 1406 sumpta
1545 1337 1719 1389 vetat?

374 1423 425 1465 at
458 1421 698 1464 matrona
727 1418 901 1479 potest
931 1409 1112 1460 alienis
1145 1408 1345 1460 artibus
1375 1408 1470 1470 uti,

448 1499 659 1550 quoque
690 1480 886 1542 trahat,
919 1479 1160 1547 quamvis
1191 1497 1299 1531 non
1329 1479 1602 1540 doceatur,
1634 1477 1826 1530 habet?

262 1571 343 1610 255
374 1555 447 1605 nil
479 1553 641 1622 igitur
671 1560 910 1603 matrona
939 1552 1106 1619 legat,
1138 1550 1262 1618 quia
1293 1549 1522 1602 carmine
1554 1549 1622 1601 ab
1653 1548 1796 1600 omni

443 1624 514 1676 ad
545 1621 958 1690 delinquendum
989 1621 1189 1673 doctior
1220 1639 1333 1673 esse
1363 1629 1552 1690 potest.
1977 1673 1990 1693 ο

371 1695 749 1763 quodcumque
780 1692 1033 1762 attigerit,
1067 1692 1110 1743 si
1141 1710 1246 1759 qua
1276 1701 1355 1743 est
1385 1691 1620 1743 studiosa
1650 1689 1860 1751 sinistri,

444 1765 511 1817 ad
542 1764 728 1817 vitium
759 1781 931 1815 mores
962 1763 1185 1815 instruet
1214 1762 1337 1814 111116
1368 1780 1508 1814 suos.

372 1835 654 1905 sumpserit
684 1834 923 1886 Annales
953 1863 1025 1870 ——
1053 1833 1184 1884 nihil
1216 1842 1294 1885 est
1322 1832 1574 1884 hirsutius
1604 1831 1705 1883 illis
1734 1850 1827 1882 -ε

256 1925 340 1964 260
442 1906 582 1959 facta
614 1905 680 1957 sit
709 1905 850 1957 unde
881 1923 1073 1973 parens
1103 1904 1227 1965 Ilia,
1258 1921 1448 1972 nempe
1477 1902 1635 1971 leget.
1798 1958 1802 1961 ,

372 1977 676 2046 sumpserit,
707 1975 1027 2028 Aeneadum
1056 1974 1296 2044 genetrix
1326 1973 1419 2025 ubi
1447 1973 1641 2043 prima:
1672 1972 1920 2041 requiret,

443 2047 762 2101 Aeneadum
793 2046 1035 2115 genetrix
1065 2045 1206 2097 unde
1238 2045 1304 2096 sit
1335 2045 1474 2096 alma
1502 2044 1705 2098 Venus.

373 2119 688 2189 [persequar
717 2117 962 2179 inferius,
994 2116 1152 2168 modo
1184 2116 1228 2168 si
1256 2116 1378 2168 licet
1408 2115 1591 2168 ordine
1620 2113 1763 2175 ferri,

443 2208 599 2260 posse
629 2206 820 2241 nocere
853 2187 1040 2240 animis
1072 2186 1317 2239 carminis
1349 2205 1503 2239 omne
1534 2183 1748 2255 genus.]

258 2279 341 2319 265
372 2279 479 2313 11011
510 2269 688 2312 tamen
717 2259 911 2312 idcirco
945 2259 1142 2312 crimen
1171 2258 1305 2311 liber
1335 2257 1503 2310 omnis
1535 2256 1774 2309 habebit:

444 2331 518 2383 nil
547 2331 785 2400 prodest,
817 2330 959 2398 quod
989 2347 1095 2381 11011
1124 2329 1334 2382 laedere
1363 2328 1530 2398 possit
1558 2327 1716 2380 idem.

372 2403 495 2472 igne
527 2401 655 2469 quid
685 2401 897 2453 utilius?
936 2400 978 2452 si
1009 2400 1124 2467 quis
1156 2409 1333 2452 tamen
1363 2418 1515 2452 urere
1546 2407 1685 2451 tecta

446 2481 738 2540 comparat,
771 2471 998 2523 audaces
1029 2471 1252 2522 instruit*
1267 2470 1391 2538 igne
1421 2488 1626 2521 manus.

375 2543 529 2612 eripit
559 2542 847 2604 interdum,
879 2542 1037 2593 modo
1068 2541 1159 2592 dat
1186 2540 1448 2593 medicina
1479 2541 1719 2600 salutem,

260 2633 343 2672 270
444 2630 686 2681 quaeque
716 2613 884 2674 iuvet,
916 2620 1194 2673 monstrat,
1226 2629 1469 2679 quaeque
1501 2611 1568 2663 sit
1598 2610 1762 2663 herba
1791 2628 2007 2663 nocens,v

374 2694 424 2738 et
454 2685 587 2736 latro
619 2692 671 2736 et
702 2692 885 2736 cautus
917 2682 1275 2752 praecingitur
1306 2701 1430 2734 ense
1462 2681 1654 2734 viator:

444 2755 531 2807 ille
562 2754 655 2806 sed
685 2753 924 2816 insidiaS,
957 2754 1042 2806 hic
1073 2753 1172 2805 sibi
1203 2762 1378 2822 portat
1407 2771 1580 2822 opem.

375 2826 592 2879 discitur
621 2825 873 2877 innocuas
905 2833 964 2876 ut
994 2833 1116 2894 agat
1147 2823 1398 2876 facundia
1428 2841 1638 2876 causas:

445 2896 673 2966 protegit
703 2895 833 2949 haec
864 2905 1040 2948 sontes
1070 2895 1445 2962 inmeritosque
1475 2894 1683 2964 premit.

260 2986 342 3025 275
376 2967 449 3020 sic
478 2967 640 3037 igitur
671 2985 905 3027 carmen,
935 2976 1079 3020 recta
1110 2965 1154 3018 si
1182 2974 1359 3019 mente
1388 2966 1613 3034 legatur,

447 3038 707 3091 constabit
735 3034 869 3089 nulli
895 3056 1048 3107 posse
1078 3054 1267 3089 nocere
1296 3055 1490 3089 meum.

375 3118 429 3161 at
460 3108 711 3176 quiddam
743 3108 854 3160 vitii
885 3108 1204 3175 quicumque
1234 3106 1357 3159 hinc
1387 3106 1638 3175 concipit,
1670 3113 1823 3166 errat,

446 3189 497 3232 et
526 3179 747 3230 nimium
778 3178 983 3247 scriptis
1015 3177 1236 3246 adrogat
1265 3177 1350 3229 ille
1380 3177 1527 3229 meis.
1558 3206 1631 3212 —

297 3292 300 3296 .
372 3258 432 3301 ut
461 3258 638 3301 tamen
667 3249 767 3301 1106
797 3248 987 3300 fatear:
1020 3248 1131 3299 ludi
1162 3265 1372 3314 quoque
1403 3247 1603 3299 semina
1632 3244 1891 3314 praebent

261 3337 346 3378 280
446 3319 711 3387 nequitiae
722 3339 736 3380 3
767 3318 879 3369 tolli
909 3327 1018 3369 tota
1048 3317 1252 3370 theatra
1283 3316 1433 3369 1111161

374 3389 628 3462 peccandi
659 3407 872 3441 causam
903 3388 1080 3440 multis
1112 3405 1272 3455 quam
1303 3406 1459 3456 saepe
1493 3386 1766 3447 dederunt,

445 3460 643 3513 Martia
674 3478 794 3512 cum
826 3459 1017 3511 durum
1047 3458 1230 3513 sternit
1258 3458 1454 3512 harena
1486 3458 1672 3511 solum.

2141 3473 2158 3501 “z
2142 3330 2158 3440 Γῇ*
2144 3281 2158 3317 -τ
2147 3238 2151 3248 ›
