2158 3906
350 321 451 374 148
897 328 952 371 P.
988 327 1193 372 OVIDII
1228 325 1497 371 NASONIS

351 433 550 502 inspice
582 431 710 499 quid
740 438 967 498 poitem:
999 427 1129 479 nihil
1159 427 1242 479 hic
1272 427 1372 478 nisi
1402 427 1548 480 triste
1580 427 1800 490 videbis,

271 523 323 562 10
428 502 656 555 carmine
688 499 1012 568 temporibus
1044 497 1383 550 conveniente
1416 498 1539 550 suis.

355 573 543 627 clauda
573 571 715 638 quod
746 571 945 621 alterno
977 569 1255 620 subsidunt
1287 569 1519 621 carmina
1550 587 1727 620 versu:

426 643 509 695 vel
539 641 688 710 pedis
722 639 822 691 hoc
853 639 985 691 ratio
1017 640 1101 692 vel
1132 639 1218 691 via
1247 640 1407 708 longa
1436 639 1578 691 facit.

352 713 494 781 quod
524 729 696 778 neque
730 730 848 762 sum
878 711 1033 763 cedro
1063 711 1230 762 flavus
1262 729 1359 763 nec
1388 710 1596 779 pumice
1627 710 1780 762 levis:

424 782 610 836 erubui
642 782 853 833 domino
886 782 1073 833 cultior
1104 800 1217 833 0880
1248 799 1381 833 0100.

270 875 320 913 15
353 855 523 906 littera
554 853 781 905 suffusas
813 853 956 920 quod
986 852 1145 904 habet
1175 852 1444 903 maculosa
1473 851 1681 903 lituras:

422 923 572 977 laesit
603 942 734 992 opus
765 923 992 975 lacrimis
1024 922 1136 991 ipse
1167 932 1323 991 poeta
1354 941 1523 974 81111101

353 996 397 1048 81
428 1013 533 1063 qua
563 994 883 1046 videbuntur
914 1012 1041 1045 casu
1070 1011 1177 1045 non
1209 992 1348 1045 dicta
1378 992 1593 1045 Latine:

423 1067 478 1118 in
510 1084 614 1133 qua
646 1065 932 1126 scribebat,
965 1063 1191 1116 barbara
1222 1073 1361 1115 terra
1391 1063 1507 1115 fuit.

353 1137 531 1197 dicite,
562 1137 807 1197 lectores,
841 1135 884 1187 si
914 1153 1019 1186 non
1051 1154 1236 1204 grave,
1269 1152 1372 1202 qua
1405 1134 1467 1186 sit
1502 1134 1752 1196 eundum,

269 1228 323 1267 20
425 1225 661 1276 quasque
693 1216 869 1276 petam
902 1207 1050 1264 sedes
1082 1205 1272 1275 hospes
1302 1205 1356 1257 in
1387 1204 1517 1257 urbe
1548 1205 1714 1258 liber.’

354 1278 484 1331 haec
515 1278 607 1329 ubi
640 1297 756 1330 sum
787 1277 969 1328 furtim
999 1277 1181 1346 lingua
1212 1276 1471 1329 titubante
1501 1276 1725 1338 locutus,

425 1349 516 1417 qui
546 1348 675 1399 mihi
706 1357 1043 1410 monstraret,
1075 1348 1164 1399 vix
1193 1347 1294 1398 fuit
1324 1366 1485 1409 unus,
1516 1347 1630 1399 iter.

354 1420 433 1471 ‘di
464 1420 559 1471 tibi
591 1420 739 1481 dent,
770 1428 948 1471 nostro
980 1419 1123 1487 quod
1152 1436 1258 1470 non
1288 1417 1517 1471 tribuere
1548 1427 1754 1487 poetae,

426 1491 651 1542 molliter
680 1490 735 1541 in
764 1489 935 1559 patria
965 1490 1141 1542 vivere
1172 1507 1327 1559 posse
1358 1498 1473 1540 tua:

271 1581 323 1619 25
357 1562 460 1613 duc
492 1560 613 1630 age!
646 1579 874 1628 namque
905 1578 1119 1628 sequar,
1152 1559 1391 1628 quamvis
1422 1569 1667 1627 terraque
1698 1559 1935 1627 marique

426 1632 717 1701 longinquo
748 1631 974 1684 referam
1004 1632 1172 1683 lassus
1205 1630 1272 1682 ab
1304 1630 1429 1683 orbe
1460 1630 1682 1699 pedem?

354 1703 529 1772 paruit
561 1712 611 1754 et
643 1702 839 1755 ducens
873 1702 1026 1754 ‘haec
1059 1711 1181 1754 sunt
1210 1701 1325 1753 fora
1358 1699 1641 1763 Οο080118,’
1675 1701 1846 1768 inquit

429 1773 581 1825 ‘haec
614 1782 714 1835 est,
746 1793 777 1824 a
808 1773 968 1825 sacris
1001 1791 1137 1840 quae
1168 1772 1255 1824 via
1283 1790 1477 1824 nomen
1506 1771 1688 1833 habet3

354 1844 440 1895 hic
470 1845 617 1896 locus
650 1856 727 1896 est
757 1844 978 1904 Vestae,
1011 1844 1102 1910 qui
1133 1843 1357 1894 Pallada
1387 1851 1562 1895 servat
1593 1851 1645 1894 et
1674 1842 1869 1911 ignem,

269 1933 326 1972 30
429 1914 559 1967 haec
590 1914 689 1965 fuit
721 1914 922 1982 antiqui
952 1913 1098 1983 regia
1127 1932 1292 1982 parva
1322 1912 1563 1965 Numae?

355 1986 477 2038 inde
508 1994 691 2054 petens
724 1986 963 2037 dextram
994 1990 1169 2053 ‘p01ta
1199 1984 1298 2036 est’
1331 1984 1403 2035 ait
1434 1984 1557 2035 ‘ista
1585 1983 1783 2036 Palati:

425 2056 509 2108 hic
542 2055 743 2118 Stator,
775 2056 875 2107 hoc
906 2055 1133 2125 primum
1165 2055 1374 2107 condita
1404 2054 1576 2107 Roma
1604 2055 1720 2106 loco
1751 2053 1862 2108 est!

355 2116 563 2197 singula
595 2127 722 2178 dum
751 2127 934 2188 miror,
966 2126 1119 2178 video
1150 2125 1478 2195 fulgentibus
1509 2126 1669 2178 armis

427 2198 740 2267 conspicuos
771 2206 948 2289 postes
979 2206 1222 2264 tectaque
1255 2196 1415 2265 digna
1447 2196 1561 2249 deo.

269 2286 323 2325 35
357 2276 432 2323 ‘et
462 2269 606 2321 Iovis
637 2268 791 2321 haec’
824 2268 934 2319 dixi
965 2268 1175 2319 ‘domus
1208 2267 1339 2320 est?’
1371 2267 1514 2335 quod
1543 2276 1602 2320 ut
1633 2285 1746 2320 esse
1777 2275 2036 2336 putarem,

428 2339 710 2409 augurium
740 2339 903 2391 menti
934 2356 1135 2406 querna
1166 2356 1358 2391 corona
1389 2338 1563 2390 dabat.

358 2411 505 2463 cuius
538 2419 597 2461 ut
627 2409 807 2478 accepi
838 2409 1134 2471 dominum,
1168 2414 1298 2460 ‘non
1328 2409 1600 2471 fallimur‚'
1632 2409 1849 2476 inquam

430 2487 506 2534 ‘et
534 2481 715 2549 magni
745 2498 929 2532 verum
961 2489 1040 2532 est
1069 2479 1207 2532 hanc
1237 2479 1380 2531 Iovis
1411 2498 1525 2532 esse
1557 2479 1790 2532 domum.

357 2571 450 2604 cur
480 2561 657 2604 tamen
689 2550 930 2620 opposita
959 2549 1206 2602 velatur
1192 2569 1351 2602 lanua
1381 2550 1546 2612 laum,

269 2640 327 2679 40
429 2621 592 2691 cingit
624 2630 675 2674 et
707 2630 959 2690 augustas
991 2621 1146 2673 arbor
1177 2639 1341 2690 opaca
1372 2621 1581 2673 comas?

356 2713 486 2746 num
516 2692 641 2774 qui-a
670 2701 953 2762 perpetuos
985 2692 1176 2745 meruit
1207 2692 1393 2743 domus
1424 2692 1526 2744 ista
1555 2690 1880 2761 111111οΡ1108ἶρ

430 2784 498 2816 an
527 2763 652 2832 quia
682 2763 955 2815 Leucadio
980 2782 1194 2833 semper
1224 2772 1399 2814 amata
1429 2763 1527 2815 deo
1559 2763 1667 2815 est?

356 2835 542 2905 ipsane
573 2834 717 2903 quod
746 2833 881 2886 festa
911 2843 1013 2897 est,
1045 2853 1113 2886 011
1144 2834 1287 2901 quod
1317 2833 1443 2886 facit
1473 2834 1648 2885 omnia
1677 2833 1844 2886 festa?

430 2924 591 2973 quam
621 2905 805 2972 tribuit
835 2905 1008 2967 terriS,
1038 2905 1183 2974 pacis
1215 2924 1282 2956 an
1313 2905 1413 2956 ista
1442 2914 1568 2956 nota
1599 2904 1709 2956 est?

271 2993 326 3032 45
358 2986 542 3044 utque
552 2969 686 3029 viret
716 2994 922 3045 semper
951 2976 1131 3028 laurus
1161 2994 1259 3028 nec
1289 2971 1475 3028 fronde
1507 2975 1708 3028 caduca

431 3047 683 3117 carpitur,
717 3056 989 3099 aeternum
1020 3046 1094 3099 810
1124 3046 1284 3099 habet
1313 3046 1403 3098 illa
1434 3046 1627 3099 decus?
1652 3085 1664 3097 .
1691 3084 1703 3098 .
1733 3084 1744 3097 .
1771 3083 1785 3098 .

359 3136 583 3186 querna,
616 3117 944 3187 superposito
976 3117 1169 3186 scripto
1199 3125 1447 3178 testante,
1481 3134 1674 3168 corona

432 3197 665 3241 servatos
697 3188 837 3241 cives
868 3188 1065 3240 indicat
1092 3188 1248 3239 huius
1280 3206 1404 3268 ope:

301 3287 303 3289 ·
361 3260 508 3311 adice
539 3258 756 3312 servatis
787 3277 976 3320 unum,
1007 3266 1158 3327 pater
1187 3258 1408 3326 optime,
1441 3257 1626 3319 civem,

275 3347 330 3386 50
432 3329 525 3397 qui
554 3329 737 3398 procul
767 3337 1000 3381 extremo
1030 3328 1258 3398 pulsus
1243 3347 1298 3379 1n
1329 3328 1456 3380 orbe
1486 3328 1634 3379 latet:

359 3401 412 3453 in
445 3417 549 3467 quo
581 3418 895 3468 poenarum,
929 3416 1059 3466 quas
1092 3417 1146 3450 se
1176 3398 1428 3450 meruisse
1459 3398 1670 3460 fatetur,

431 3488 538 3523 non
567 3470 771 3523 facinus
804 3488 1041 3532 causam,
1073 3469 1165 3522 sed
1196 3488 1321 3522 suus
1353 3487 1495 3522 error
1525 3468 1702 3521 habet.
