2158 3906
78 94 83 102 .
40 0 92 85 uss}

456 344 771 393 TRISTIUM
799 346 921 391 LIB.
954 347 1011 393 V.
1044 346 1133 404 111,
1166 347 1333 404 1—1v‚
1363 348 1433 392 26.

93 447 199 504 huc
229 444 353 501 ades
383 453 436 500 et
465 462 618 500 casus
649 446 875 510 releves,
905 447 1278 518 pulcherrime,
1309 457 1533 510 nostros,

164 535 328 573 unum
359 515 425 571 de
453 534 674 571 numero
704 537 789 571 me
819 536 1022 581 memor
1051 537 1166 573 esse
1196 518 1310 573 tuo!
1342 550 1414 557 —

94 598 218 645 sunt
245 587 325 642 dis
355 587 491 641 inter
520 606 577 641 se
607 589 936 643 commercia.
1011 589 1220 643 flectere
1251 599 1452 660 tempta

167 657 490 714 Caesareum
517 677 716 712 numen
745 659 984 723 nurnine,
1016 659 1253 723 Bacche,
1284 660 1398 714 tuo!

51 743 54 747 ’
93 749 189 786 vos
217 747 454 800 quoque,
485 738 753 785 consortes
783 730 967 793 studii,
999 731 1087 801 pia
1116 731 1294 794 turba,
1326 741 1530 802 poetae,

163 801 296 856 haec
325 799 510 854 eadem
539 810 751 871 sumpto
782 801 1008 871 quisque
1038 812 1222 872 rogate
1251 802 1420 856 mero!

92 882 253 944 atque
282 870 470 942 aliquis
501 880 758 935 vestrum,
789 872 1018 926 Nasonis
1048 873 1261 928 nomine
1291 873 1447 937 dicto,

62 1001 67 1006 .
165 941 393 1014 deponat
421 941 651 997 lacrimis
681 944 872 1013 pocula
900 943 1065 997 mixta
1095 943 1203 997 suis

92 1013 498 1082 admonitusque
526 1013 654 1077 mei,
686 1031 807 1067 cum
838 1015 1267 1085 circumspexerit
1296 1032 1494 1077 omnes,

74 1092 75 1097 ’
165 1084 305 1139 dicat
335 1083 452 1138 ‘ubi
482 1093 561 1138 est
589 1085 755 1138 nostri
783 1104 905 1156 pars
936 1085 1093 1139 modo
1124 1086 1269 1138 Naso
1300 1085 1502 1139 choriP'

91 1155 251 1226 idque
280 1156 378 1219 ita,
410 1155 455 1209 si
491 1164 725 1210 vestrum
754 1157 923 1210 merui
954 1156 1179 1210 candore
1210 1156 1465 1217 favorem,

61 1287 70 1295 ς
162 1226 413 1295 nullaque
442 1225 635 1281 iudicio
664 1227 840 1281 littera
868 1227 1012 1281 laesa
1040 1245 1160 1281 meo
1191 1235 1271 1280 est
1281 1247 1294 1288 ;

14 1305 15 1355 ζ
55 1324 59 1329 ⁴
90 1297 162 1363 si,
194 1306 433 1352 veterum
462 1296 621 1368 digne
650 1316 872 1352 veneror
901 1315 1023 1351 cum
1054 1297 1247 1367 scripta
1278 1297 1528 1360 virorum,

14 1438 15 1442 Ἰ
163 1368 405 1439 proxima
433 1385 540 1421 non
569 1368 670 1422 illis
701 1386 815 1422 esse
845 1368 1049 1421 minora
1077 1385 1210 1422 reor.

14 1501 15 1505 Ἰ
62 1440 168 1507 gsic
196 1438 359 1510 igitur
388 1438 573 1493 dextro
603 1438 807 1493 faciatis
838 1438 1089 1509 Apolline
1121 1456 1355 1491 carmen:

54 1511 63 1523 ⁸
163 1509 308 1581 quod
335 1509 482 1574 licet,
512 1509 650 1564 inter
678 1526 772 1563 vos
802 1527 994 1563 nomen
1025 1508 1215 1562 habete
1246 1507 1447 1562 meum!

897 1622 996 1677 Iv.

91 1723 275 1778 Litore
304 1723 372 1777 ab
401 1721 615 1776 Euxino
644 1721 874 1775 Nasonis
905 1721 1131 1792 epistula
1162 1721 1299 1783 veni,

163 1795 405 1863 lassaque
434 1793 577 1848 facta
604 1793 737 1847 mari
766 1793 1009 1862 lassaque
1040 1793 1183 1847 facta
1212 1793 1314 1854 via,

90 1865 185 1938 qui
212 1865 339 1919 mihi
367 1865 499 1919 fiens
530 1863 663 1918 dixit
692 1870 797 1927 ‘tu,
829 1864 915 1918 cui
944 1864 1090 1925 licet,
1123 1863 1299 1934 aspice
1330 1862 1580 1917 Romam!

164 1935 269 1991 heu
298 1944 496 2006 quanto
525 1935 711 1990 melior
741 1953 852 1989 sors
883 1945 974 1988 tua
1004 1944 1143 1988 sorte
1174 1953 1291 1988 mea
1323 1934 1449 1988 estl'

1702 334 1805 388 187

1836 605 1892 644 45

1835 959 1893 1000 50

1833 1312 1890 1352 55

92 2008 222 2062 flens
251 2024 464 2083 quoque
493 2025 579 2061 me
610 2005 839 2076 scripsit3
871 2024 968 2060 nec
998 2024 1104 2075 qua
1135 2005 1408 2075 signabar,
1440 2004 1509 2058 ad
1538 2023 1596 2058 os
1628 2013 1708 2059 est
1831 2022 1859 2062 5

163 2086 307 2142 ante,
339 2077 433 2132 sed
463 2077 532 2131 ad
560 2077 800 2131 madidas
829 2095 1043 2147 gemma
1072 2077 1237 2130 relata
1265 2094 1446 2146 genas.

92 2148 332 2204 tristitiae
363 2167 579 2203 causam
609 2148 653 2202 si
683 2148 801 2217 quis
832 2166 1150 2218 cognoscere
1179 2147 1402 2217 quaerit,

164 2220 367 2275 ostendi
397 2220 562 2274 solem
591 2220 822 2290 postulat
852 2219 940 2272 ille
971 2218 1087 2282 sibi,

94 2310 191 2346 nec
219 2291 462 2345 frondem
490 2290 544 2344 in
577 2290 746 2352 silvis,
777 2308 874 2344 nec
903 2300 1086 2361 aperto
1115 2289 1357 2360 gramina
1387 2298 1537 2359 prato

78 2430 82 2435 .
164 2363 364 2426 mollia,
394 2379 492 2417 nec
522 2361 678 2433 pleno
709 2361 924 2415 flumine
954 2360 1119 2415 cernit
1149 2379 1337 2429 aquas:

91 2433 223 2504 quid
251 2433 496 2487 Priamus
527 2431 725 2496 doleat,
756 2432 1055 2495 mirabitur,
1086 2433 1318 2486 Hectore
1350 2440 1519 2502 rapto,

58 2507 84 2519 χ
165 2504 358 2575 quidve
386 2503 707 2558 Philoctetes
736 2504 871 2557 ictus
902 2504 970 2557 ab
1002 2521 1175 2573 angue
1205 2504 1401 2572 gemat.

94 2575 151 2628 di
177 2575 410 2630 facerent
438 2575 665 2639 utinam,
695 2574 814 2629 talis
845 2584 1011 2628 status
1042 2583 1179 2628 esset
1207 2573 1263 2626 in
1292 2573 1399 2636 illo,

165 2655 225 2700 ut
253 2664 360 2700 non
388 2646 627 2700 tristitiae
658 2664 819 2700 causa
849 2646 1074 2700 dolenda
1103 2645 1255 2699 foret.

94 2717 198 2772 fert
226 2726 428 2781 tamen,
459 2727 519 2770 ut
549 2716 730 2780 debet,
761 2735 912 2770 casus
944 2717 1205 2787 patienter
1235 2733 1459 2779 amaros,

167 2806 311 2842 more
341 2806 440 2843 nec
467 2787 709 2841 indomiti
738 2787 889 2841 frena
917 2796 1126 2841 recusat
1156 2787 1294 2855 equi.

94 2878 194 2914 nec
222 2859 334 2913 fore
363 2867 675 2942 perpetuam
704 2867 881 2928 sperat
910 2858 1011 2911 sibi
1039 2857 1268 2910 numinis
1298 2857 1449 2919 iram,

169 2930 433 2993 conscius,
462 2949 518 2982 1n
549 2930 704 2999 culpa
732 2947 840 2981 non
869 2928 1042 2982 scelus
1072 2947 1187 2982 esse
1219 2946 1331 2980 sua.

97 3019 254 3071 saepe
284 3000 468 3063 refert,
499 3000 567 3053 sit
594 3009 793 3069 quanta
823 2999 907 3053 dei
938 2998 1241 3061 clementia,
1273 2997 1422 3050 cuius

169 3090 225 3126 se
255 3087 465 3141 quoque
493 3071 549 3124 in
579 3070 834 3141 exemplis
865 3070 1212 3123 adnumerare
1243 3068 1396 3122 solet:

100 3161 246 3206 nam,
275 3142 419 3212 quod
448 3161 575 3213 opes
605 3142 798 3212 patrias
829 3150 1028 3205 teneat,
1060 3139 1205 3210 quod
1232 3139 1445 3193 nomina
1477 3138 1624 3203 civis,

172 3213 398 3284 denique
427 3213 570 3283 quod
600 3213 768 3277 vivat,
800 3231 992 3266 munus
1023 3211 1218 3266 habere
1250 3210 1352 3265 dei.

23 3328 27 3331 a
100 3290 154 3337 te
182 3292 382 3348 tamen,
413 3302 444 3338 o
475 3284 519 3338 si
547 3284 676 3354 quid
706 3284 875 3338 credis
905 3282 1057 3347 mihi,
1089 3282 1260 3337 carius
1290 3282 1376 3335 ille

173 3355 416 3408 omnibus
445 3355 499 3408 in
528 3364 637 3409 toto
667 3365 879 3427 pectore
910 3372 1117 3425 semper
1145 3353 1331 3407 habet:

101 3432 260 3493 teque
289 3424 685 3489 Menoetiaden,
717 3436 793 3489 te,
824 3427 914 3494 qui
946 3425 1223 3479 comitatus
1255 3422 1501 3487 Oresten,

99 3560 102 3562 v
174 3504 225 3550 te
255 3505 407 3550 vocat
436 3497 682 3567 Aegiden
717 3497 1119 3568 Euryalumque
1151 3515 1324 3550 suum.

1834 2376 1889 2417 10

1838 2733 1891 2772 15

1839 3085 1895 3126 20

1843 3440 1898 3480 25
