<?xml version="1.0" encoding="UTF-8"?>
<!DOCTYPE html PUBLIC "-//W3C//DTD XHTML 1.0 Transitional//EN"
    "http://www.w3.org/TR/xhtml1/DTD/xhtml1-transitional.dtd">
<html xmlns="http://www.w3.org/1999/xhtml" xml:lang="en" lang="en">
 <head>
  <title>
</title>
<meta http-equiv="Content-Type" content="text/html;charset=utf-8" />
  <meta name='ocr-system' content='tesseract 3.04.00' />
  <meta name='ocr-capabilities' content='ocr_page ocr_carea ocr_par ocr_line ocrx_word'/>
</head>
<body>
  <div class='ocr_page' id='page_1' title='image "./carminaov03oviduoft_0283.png"; bbox 0 0 2158 3906; ppageno 0'>
   <div class='ocr_carea' id='block_1_1' title="bbox 446 374 1883 442">
    <p class='ocr_par' dir='ltr' id='par_1_1' title="bbox 446 374 1883 442">
     <span class='ocr_line' id='line_1_1' title="bbox 446 374 1883 442; baseline -0.001 -12"><span class='ocrx_word' id='word_1_1' title='bbox 446 385 535 430; x_wconf 78' lang='lat' dir='ltr'>Ex</span> <span class='ocrx_word' id='word_1_2' title='bbox 564 385 782 431; x_wconf 83' lang='grc' dir='ltr'><strong>ΡοΝΤο</strong></span> <span class='ocrx_word' id='word_1_3' title='bbox 811 384 933 430; x_wconf 73' lang='grc' dir='ltr'>ΜΒ.</span> <span class='ocrx_word' id='word_1_4' title='bbox 965 384 1028 429; x_wconf 92' lang='lat'>11.</span> <span class='ocrx_word' id='word_1_5' title='bbox 1060 383 1167 442; x_wconf 86' lang='lat' dir='ltr'>vn,</span> <span class='ocrx_word' id='word_1_6' title='bbox 1198 383 1445 442; x_wconf 85' lang='lat' dir='ltr'>21-vn1‚</span> <span class='ocrx_word' id='word_1_7' title='bbox 1476 386 1546 429; x_wconf 81' lang='lat'>22.</span> <span class='ocrx_word' id='word_1_8' title='bbox 1750 374 1883 442; x_wconf 44' lang='lat'>2452</span> 
     </span>
    </p>
   </div>
   <div class='ocr_carea' id='block_1_2' title="bbox 8 485 1946 1904">
    <p class='ocr_par' dir='ltr' id='par_1_2' title="bbox 8 485 1946 1904">
     <span class='ocr_line' id='line_1_2' title="bbox 143 485 1945 558; baseline -0.001 -13"><span class='ocrx_word' id='word_1_9' title='bbox 143 496 224 545; x_wconf 79' lang='lat' dir='ltr'>est</span> <span class='ocrx_word' id='word_1_10' title='bbox 253 485 476 558; x_wconf 87' lang='lat' dir='ltr'>aliquid,</span> <span class='ocrx_word' id='word_1_11' title='bbox 507 487 691 557; x_wconf 87' lang='lat' dir='ltr'>patriis</span> <span class='ocrx_word' id='word_1_12' title='bbox 721 487 954 541; x_wconf 89' lang='lat' dir='ltr'>vicinum</span> <span class='ocrx_word' id='word_1_13' title='bbox 982 486 1177 540; x_wconf 91' lang='lat' dir='ltr'>finibus</span> <span class='ocrx_word' id='word_1_14' title='bbox 1209 505 1346 541; x_wconf 87' lang='lat' dir='ltr'>esse:</span> <span class='ocrx_word' id='word_1_15' title='bbox 1886 505 1945 544; x_wconf 73' lang='grc' dir='ltr'>οἵ)</span> 
     </span>
     <span class='ocr_line' id='line_1_3' title="bbox 215 556 1349 621; baseline -0.002 -9"><span class='ocrx_word' id='word_1_16' title='bbox 215 557 400 613; x_wconf 86' lang='lat' dir='ltr'>ultima</span> <span class='ocrx_word' id='word_1_17' title='bbox 427 576 513 612; x_wconf 90' lang='lat' dir='ltr'>me</span> <span class='ocrx_word' id='word_1_18' title='bbox 544 559 723 621; x_wconf 90' lang='lat' dir='ltr'>tellus,</span> <span class='ocrx_word' id='word_1_19' title='bbox 754 557 970 611; x_wconf 88' lang='lat' dir='ltr'>ultimus</span> <span class='ocrx_word' id='word_1_20' title='bbox 1001 558 1142 611; x_wconf 90' lang='lat' dir='ltr'>orbis</span> <span class='ocrx_word' id='word_1_21' title='bbox 1172 556 1349 611; x_wconf 90' lang='lat' dir='ltr'>habet.</span> 
     </span>
     <span class='ocr_line' id='line_1_4' title="bbox 143 625 1558 704; baseline -0.002 -20"><span class='ocrx_word' id='word_1_22' title='bbox 143 637 375 704; x_wconf 83' lang='lat' dir='ltr'><strong>praestat</strong></span> <span class='ocrx_word' id='word_1_23' title='bbox 405 637 456 683; x_wconf 89' lang='lat' dir='ltr'>et</span> <span class='ocrx_word' id='word_1_24' title='bbox 487 628 729 682; x_wconf 79' lang='lat' dir='ltr'><strong>exulibus</strong></span> <span class='ocrx_word' id='word_1_25' title='bbox 760 647 945 699; x_wconf 88' lang='lat' dir='ltr'>pacem</span> <span class='ocrx_word' id='word_1_26' title='bbox 976 637 1069 681; x_wconf 90' lang='lat' dir='ltr'>tua</span> <span class='ocrx_word' id='word_1_27' title='bbox 1097 629 1301 691; x_wconf 87' lang='lat' dir='ltr'>laurea,</span> <span class='ocrx_word' id='word_1_28' title='bbox 1336 625 1558 683; x_wconf 86' lang='lat' dir='ltr'>Caesar:</span> 
     </span>
     <span class='ocr_line' id='line_1_5' title="bbox 62 698 1353 755; baseline -0.003 0"><span class='ocrx_word' id='word_1_29' title='bbox 62 748 64 755; x_wconf 71' lang='grc'><strong>,</strong></span> <span class='ocrx_word' id='word_1_30' title='bbox 214 699 441 754; x_wconf 89' lang='lat' dir='ltr'>Pontica</span> <span class='ocrx_word' id='word_1_31' title='bbox 470 698 690 752; x_wconf 88' lang='lat' dir='ltr'>finitimo</span> <span class='ocrx_word' id='word_1_32' title='bbox 722 709 862 753; x_wconf 89' lang='lat' dir='ltr'>terra</span> <span class='ocrx_word' id='word_1_33' title='bbox 891 699 990 752; x_wconf 90' lang='lat' dir='ltr'>sub</span> <span class='ocrx_word' id='word_1_34' title='bbox 1021 699 1171 753; x_wconf 89' lang='lat' dir='ltr'>hoste</span> <span class='ocrx_word' id='word_1_35' title='bbox 1201 698 1353 753; x_wconf 88' lang='lat' dir='ltr'>iacet.</span> 
     </span>
     <span class='ocr_line' id='line_1_6' title="bbox 70 769 1552 842; baseline -0.002 -16"><span class='ocrx_word' id='word_1_36' title='bbox 70 811 88 838; x_wconf 77' lang='lat'>.·</span> <span class='ocrx_word' id='word_1_37' title='bbox 143 779 354 842; x_wconf 84' lang='lat' dir='ltr'>tempus</span> <span class='ocrx_word' id='word_1_38' title='bbox 382 769 438 823; x_wconf 88' lang='lat' dir='ltr'>in</span> <span class='ocrx_word' id='word_1_39' title='bbox 469 788 719 841; x_wconf 87' lang='lat' dir='ltr'>agrorum</span> <span class='ocrx_word' id='word_1_40' title='bbox 750 770 897 823; x_wconf 91' lang='lat' dir='ltr'>cultu</span> <span class='ocrx_word' id='word_1_41' title='bbox 927 787 1234 824; x_wconf 85' lang='lat' dir='ltr'>consumere</span> <span class='ocrx_word' id='word_1_42' title='bbox 1266 769 1418 824; x_wconf 83' lang='lat' dir='ltr'>dulce</span> <span class='ocrx_word' id='word_1_43' title='bbox 1450 779 1552 824; x_wconf 85' lang='lat' dir='ltr'>est:</span> 
     </span>
     <span class='ocr_line' id='line_1_7' title="bbox 214 840 1946 924; baseline -0.001 -29"><span class='ocrx_word' id='word_1_44' title='bbox 214 859 320 895; x_wconf 90' lang='lat' dir='ltr'>non</span> <span class='ocrx_word' id='word_1_45' title='bbox 350 840 549 924; x_wconf 88' lang='lat' dir='ltr'>patitur</span> <span class='ocrx_word' id='word_1_46' title='bbox 578 840 711 894; x_wconf 90' lang='lat' dir='ltr'>verti</span> <span class='ocrx_word' id='word_1_47' title='bbox 740 840 997 893; x_wconf 88' lang='lat' dir='ltr'>barbarus</span> <span class='ocrx_word' id='word_1_48' title='bbox 1031 841 1194 894; x_wconf 86' lang='lat' dir='ltr'>hostis</span> <span class='ocrx_word' id='word_1_49' title='bbox 1225 840 1461 894; x_wconf 88' lang='lat' dir='ltr'>humum.</span> <span class='ocrx_word' id='word_1_50' title='bbox 1888 860 1946 899; x_wconf 68' lang='grc' dir='ltr'>το</span> 
     </span>
     <span class='ocr_line' id='line_1_8' title="bbox 143 911 1717 996; baseline -0.001 -29"><span class='ocrx_word' id='word_1_51' title='bbox 143 921 396 996; x_wconf 82' lang='lat' dir='ltr'>tempeme</span> <span class='ocrx_word' id='word_1_52' title='bbox 428 911 559 966; x_wconf 86' lang='lat' dir='ltr'>caeli</span> <span class='ocrx_word' id='word_1_53' title='bbox 591 929 885 982; x_wconf 83' lang='lat' dir='ltr'>corpusque</span> <span class='ocrx_word' id='word_1_54' title='bbox 916 911 1231 980; x_wconf 86' lang='lat' dir='ltr'>animusque</span> <span class='ocrx_word' id='word_1_55' title='bbox 1261 912 1531 965; x_wconf 86' lang='lat' dir='ltr'>iuvantur:</span> <span class='ocrx_word' id='word_1_56' title='bbox 1682 911 1717 944; x_wconf 58' lang='grc' dir='ltr'><strong>θ</strong></span> 
     </span>
     <span class='ocr_line' id='line_1_9' title="bbox 214 981 1291 1054; baseline 0 -18"><span class='ocrx_word' id='word_1_57' title='bbox 214 983 410 1054; x_wconf 74' lang='lat' dir='ltr'>frigore</span> <span class='ocrx_word' id='word_1_58' title='bbox 440 992 696 1053; x_wconf 87' lang='lat' dir='ltr'>perpetuo</span> <span class='ocrx_word' id='word_1_59' title='bbox 729 981 986 1036; x_wconf 85' lang='lat' dir='ltr'>Sarmatis</span> <span class='ocrx_word' id='word_1_60' title='bbox 1018 1000 1110 1035; x_wconf 90' lang='lat' dir='ltr'>ora</span> <span class='ocrx_word' id='word_1_61' title='bbox 1140 983 1291 1053; x_wconf 88' lang='lat' dir='ltr'>riget.</span> 
     </span>
     <span class='ocr_line' id='line_1_10' title="bbox 145 1052 1368 1124; baseline -0.002 -15"><span class='ocrx_word' id='word_1_62' title='bbox 145 1063 224 1109; x_wconf 85' lang='lat' dir='ltr'>est</span> <span class='ocrx_word' id='word_1_63' title='bbox 252 1053 306 1107; x_wconf 87' lang='lat' dir='ltr'>in</span> <span class='ocrx_word' id='word_1_64' title='bbox 337 1071 475 1124; x_wconf 89' lang='lat' dir='ltr'>aqua</span> <span class='ocrx_word' id='word_1_65' title='bbox 507 1053 648 1107; x_wconf 88' lang='lat' dir='ltr'>dulci</span> <span class='ocrx_word' id='word_1_66' title='bbox 677 1071 784 1107; x_wconf 91' lang='lat' dir='ltr'>non</span> <span class='ocrx_word' id='word_1_67' title='bbox 812 1052 1071 1106; x_wconf 88' lang='lat' dir='ltr'>invidiosa</span> <span class='ocrx_word' id='word_1_68' title='bbox 1101 1053 1368 1124; x_wconf 88' lang='lat' dir='ltr'>voluptas:</span> 
     </span>
     <span class='ocr_line' id='line_1_11' title="bbox 8 1123 1392 1207; baseline -0.002 -27"><span class='ocrx_word' id='word_1_69' title='bbox 8 1178 9 1185; x_wconf 72' lang='grc'>,</span> <span class='ocrx_word' id='word_1_70' title='bbox 216 1142 478 1195; x_wconf 89' lang='lat' dir='ltr'>aequoreo</span> <span class='ocrx_word' id='word_1_71' title='bbox 509 1123 707 1177; x_wconf 86' lang='lat' dir='ltr'>bibitur</span> <span class='ocrx_word' id='word_1_72' title='bbox 737 1143 858 1178; x_wconf 91' lang='lat' dir='ltr'>cum</span> <span class='ocrx_word' id='word_1_73' title='bbox 890 1124 998 1178; x_wconf 89' lang='lat' dir='ltr'>sale</span> <span class='ocrx_word' id='word_1_74' title='bbox 1028 1123 1194 1177; x_wconf 87' lang='lat' dir='ltr'>mixta</span> <span class='ocrx_word' id='word_1_75' title='bbox 1222 1125 1392 1207; x_wconf 87' lang='lat' dir='ltr'>palus.</span> 
     </span>
     <span class='ocr_line' id='line_1_12' title="bbox 26 1195 1943 1259; baseline 0.002 -13"><span class='ocrx_word' id='word_1_76' title='bbox 26 1202 36 1246; x_wconf 61' lang='lat' dir='ltr'>J</span> <span class='ocrx_word' id='word_1_77' title='bbox 70 1218 73 1222; x_wconf 91' lang='lat'>·</span> <span class='ocrx_word' id='word_1_78' title='bbox 143 1195 320 1250; x_wconf 90' lang='lat' dir='ltr'>omnia</span> <span class='ocrx_word' id='word_1_79' title='bbox 350 1195 621 1250; x_wconf 87' lang='lat' dir='ltr'>deficiunt:</span> <span class='ocrx_word' id='word_1_80' title='bbox 653 1195 858 1249; x_wconf 88' lang='lat' dir='ltr'>animus</span> <span class='ocrx_word' id='word_1_81' title='bbox 890 1204 1068 1248; x_wconf 86' lang='lat' dir='ltr'>tamen</span> <span class='ocrx_word' id='word_1_82' title='bbox 1099 1213 1275 1248; x_wconf 89' lang='lat' dir='ltr'>omma</span> <span class='ocrx_word' id='word_1_83' title='bbox 1304 1196 1482 1259; x_wconf 89' lang='lat' dir='ltr'>vincit,</span> <span class='ocrx_word' id='word_1_84' title='bbox 1887 1215 1943 1254; x_wconf 79' lang='lat'>75</span> 
     </span>
     <span class='ocr_line' id='line_1_13' title="bbox 28 1265 1281 1337; baseline -0.002 -16"><span class='ocrx_word' id='word_1_85' title='bbox 28 1317 30 1327; x_wconf 83' lang='lat'><strong><em>‚</em></strong></span> <span class='ocrx_word' id='word_1_86' title='bbox 214 1266 302 1321; x_wconf 91' lang='lat' dir='ltr'>ille</span> <span class='ocrx_word' id='word_1_87' title='bbox 333 1266 490 1321; x_wconf 84' lang='lat' dir='ltr'>etiam</span> <span class='ocrx_word' id='word_1_88' title='bbox 521 1266 660 1321; x_wconf 87' lang='lat' dir='ltr'>vires</span> <span class='ocrx_word' id='word_1_89' title='bbox 691 1284 882 1337; x_wconf 89' lang='lat' dir='ltr'>corpus</span> <span class='ocrx_word' id='word_1_90' title='bbox 912 1265 1107 1319; x_wconf 90' lang='lat' dir='ltr'>habere</span> <span class='ocrx_word' id='word_1_91' title='bbox 1138 1266 1281 1319; x_wconf 84' lang='lat' dir='ltr'>facit.</span> 
     </span>
     <span class='ocr_line' id='line_1_14' title="bbox 71 1336 1531 1406; baseline -0.002 -14"><span class='ocrx_word' id='word_1_92' title='bbox 71 1338 75 1343; x_wconf 75' lang='grc'>’</span> <span class='ocrx_word' id='word_1_93' title='bbox 143 1338 402 1393; x_wconf 72' lang='lat' dir='ltr'>sustineas</span> <span class='ocrx_word' id='word_1_94' title='bbox 433 1347 492 1391; x_wconf 88' lang='lat' dir='ltr'>ut</span> <span class='ocrx_word' id='word_1_95' title='bbox 522 1355 679 1401; x_wconf 91' lang='lat' dir='ltr'>onus,</span> <span class='ocrx_word' id='word_1_96' title='bbox 710 1336 985 1392; x_wconf 90' lang='lat' dir='ltr'>nitendum</span> <span class='ocrx_word' id='word_1_97' title='bbox 1016 1336 1210 1391; x_wconf 87' lang='lat' dir='ltr'>vertice</span> <span class='ocrx_word' id='word_1_98' title='bbox 1240 1336 1398 1406; x_wconf 89' lang='lat' dir='ltr'>pleno</span> <span class='ocrx_word' id='word_1_99' title='bbox 1430 1346 1531 1391; x_wconf 90' lang='lat' dir='ltr'>est:</span> 
     </span>
     <span class='ocr_line' id='line_1_15' title="bbox 25 1406 1254 1479; baseline -0.004 -15"><span class='ocrx_word' id='word_1_100' title='bbox 25 1466 32 1479; x_wconf 53' lang='grc'>,</span> <span class='ocrx_word' id='word_1_101' title='bbox 70 1467 71 1471; x_wconf 11' lang='grc' dir='ltr'><strong>Ἰ</strong></span> <span class='ocrx_word' id='word_1_102' title='bbox 217 1418 331 1472; x_wconf 88' lang='lat' dir='ltr'>aut,</span> <span class='ocrx_word' id='word_1_103' title='bbox 362 1408 503 1463; x_wconf 89' lang='lat' dir='ltr'>flecti</span> <span class='ocrx_word' id='word_1_104' title='bbox 530 1427 722 1463; x_wconf 88' lang='lat' dir='ltr'>nervos</span> <span class='ocrx_word' id='word_1_105' title='bbox 753 1408 797 1461; x_wconf 92' lang='lat' dir='ltr'>si</span> <span class='ocrx_word' id='word_1_106' title='bbox 827 1407 1048 1478; x_wconf 89' lang='lat' dir='ltr'>patiere,</span> <span class='ocrx_word' id='word_1_107' title='bbox 1081 1406 1254 1461; x_wconf 88' lang='lat' dir='ltr'>cades.</span> 
     </span>
     <span class='ocr_line' id='line_1_16' title="bbox 143 1477 1659 1552; baseline -0.003 -18"><span class='ocrx_word' id='word_1_108' title='bbox 143 1498 265 1552; x_wconf 88' lang='lat' dir='ltr'>spes</span> <span class='ocrx_word' id='word_1_109' title='bbox 296 1496 531 1550; x_wconf 85' lang='lat' dir='ltr'>quoque,</span> <span class='ocrx_word' id='word_1_110' title='bbox 562 1497 717 1551; x_wconf 89' lang='lat' dir='ltr'>posse</span> <span class='ocrx_word' id='word_1_111' title='bbox 747 1497 896 1531; x_wconf 87' lang='lat' dir='ltr'>mora</span> <span class='ocrx_word' id='word_1_112' title='bbox 924 1478 1198 1531; x_wconf 87' lang='lat' dir='ltr'>mitescere</span> <span class='ocrx_word' id='word_1_113' title='bbox 1229 1477 1480 1548; x_wconf 89' lang='lat' dir='ltr'>principis</span> <span class='ocrx_word' id='word_1_114' title='bbox 1510 1477 1659 1541; x_wconf 87' lang='lat' dir='ltr'>iram,</span> 
     </span>
     <span class='ocr_line' id='line_1_17' title="bbox 215 1549 1944 1617; baseline -0.003 -13"><span class='ocrx_word' id='word_1_115' title='bbox 215 1551 392 1605; x_wconf 90' lang='lat' dir='ltr'>vivere</span> <span class='ocrx_word' id='word_1_116' title='bbox 421 1569 488 1606; x_wconf 89' lang='lat' dir='ltr'>ne</span> <span class='ocrx_word' id='word_1_117' title='bbox 517 1550 680 1603; x_wconf 92' lang='lat' dir='ltr'>nolim</span> <span class='ocrx_word' id='word_1_118' title='bbox 711 1549 1084 1617; x_wconf 88' lang='lat' dir='ltr'>deficiamque,</span> <span class='ocrx_word' id='word_1_119' title='bbox 1116 1558 1283 1601; x_wconf 86' lang='lat' dir='ltr'>cavet.</span> <span class='ocrx_word' id='word_1_120' title='bbox 1887 1568 1944 1606; x_wconf 75' lang='lat'>80</span> 
     </span>
     <span class='ocr_line' id='line_1_18' title="bbox 142 1618 1341 1692; baseline -0.006 -15"><span class='ocrx_word' id='word_1_121' title='bbox 142 1639 241 1677; x_wconf 89' lang='lat' dir='ltr'>nec</span> <span class='ocrx_word' id='word_1_122' title='bbox 271 1639 366 1676; x_wconf 85' lang='lat' dir='ltr'>vos</span> <span class='ocrx_word' id='word_1_123' title='bbox 394 1638 561 1692; x_wconf 87' lang='lat' dir='ltr'>parva</span> <span class='ocrx_word' id='word_1_124' title='bbox 591 1619 726 1674; x_wconf 88' lang='lat' dir='ltr'>datis</span> <span class='ocrx_word' id='word_1_125' title='bbox 757 1618 914 1690; x_wconf 88' lang='lat' dir='ltr'>pauci</span> <span class='ocrx_word' id='word_1_126' title='bbox 944 1618 1142 1674; x_wconf 85' lang='lat' dir='ltr'>solacia</span> <span class='ocrx_word' id='word_1_127' title='bbox 1169 1618 1341 1682; x_wconf 87' lang='lat' dir='ltr'>nobis,</span> 
     </span>
     <span class='ocr_line' id='line_1_19' title="bbox 215 1688 1496 1763; baseline -0.002 -18"><span class='ocrx_word' id='word_1_128' title='bbox 215 1710 440 1762; x_wconf 89' lang='lat' dir='ltr'>quorum</span> <span class='ocrx_word' id='word_1_129' title='bbox 473 1701 707 1763; x_wconf 87' lang='lat' dir='ltr'>spectata</span> <span class='ocrx_word' id='word_1_130' title='bbox 737 1701 816 1744; x_wconf 86' lang='lat' dir='ltr'>est</span> <span class='ocrx_word' id='word_1_131' title='bbox 845 1709 940 1761; x_wconf 89' lang='lat' dir='ltr'>per</span> <span class='ocrx_word' id='word_1_132' title='bbox 969 1690 1109 1744; x_wconf 90' lang='lat' dir='ltr'>mala</span> <span class='ocrx_word' id='word_1_133' title='bbox 1138 1699 1319 1743; x_wconf 86' lang='lat' dir='ltr'>nostra</span> <span class='ocrx_word' id='word_1_134' title='bbox 1348 1688 1496 1743; x_wconf 87' lang='lat' dir='ltr'>fides.</span> 
     </span>
     <span class='ocr_line' id='line_1_20' title="bbox 145 1760 1761 1835; baseline -0.001 -18"><span class='ocrx_word' id='word_1_135' title='bbox 145 1772 331 1835; x_wconf 91' lang='lat' dir='ltr'>coepta</span> <span class='ocrx_word' id='word_1_136' title='bbox 360 1771 506 1826; x_wconf 90' lang='lat' dir='ltr'>tene,</span> <span class='ocrx_word' id='word_1_137' title='bbox 537 1779 759 1831; x_wconf 90' lang='lat' dir='ltr'>quaes0,</span> <span class='ocrx_word' id='word_1_138' title='bbox 790 1779 962 1830; x_wconf 92' lang='lat' dir='ltr'>neque</span> <span class='ocrx_word' id='word_1_139' title='bbox 993 1761 1047 1814; x_wconf 94' lang='lat' dir='ltr'>in</span> <span class='ocrx_word' id='word_1_140' title='bbox 1078 1779 1307 1831; x_wconf 89' lang='lat' dir='ltr'>aequore</span> <span class='ocrx_word' id='word_1_141' title='bbox 1339 1760 1521 1815; x_wconf 89' lang='lat' dir='ltr'>desere</span> <span class='ocrx_word' id='word_1_142' title='bbox 1553 1780 1761 1826; x_wconf 86' lang='lat' dir='ltr'>navem,</span> 
     </span>
     <span class='ocr_line' id='line_1_21' title="bbox 214 1832 1361 1904; baseline -0.003 -17"><span class='ocrx_word' id='word_1_143' title='bbox 214 1852 404 1904; x_wconf 91' lang='lat' dir='ltr'>meque</span> <span class='ocrx_word' id='word_1_144' title='bbox 435 1833 591 1887; x_wconf 89' lang='lat' dir='ltr'>simul</span> <span class='ocrx_word' id='word_1_145' title='bbox 622 1851 774 1888; x_wconf 88' lang='lat' dir='ltr'>serva</span> <span class='ocrx_word' id='word_1_146' title='bbox 803 1832 1163 1902; x_wconf 87' lang='lat' dir='ltr'>iudiciumque</span> <span class='ocrx_word' id='word_1_147' title='bbox 1194 1843 1361 1884; x_wconf 87' lang='lat' dir='ltr'>tuum.</span> 
     </span>
    </p>
   </div>
   <div class='ocr_carea' id='block_1_3' title="bbox 38 1945 1974 2186">
    <p class='ocr_par' dir='ltr' id='par_1_3' title="bbox 38 1945 1974 2186">
     <span class='ocr_line' id='line_1_22' title="bbox 917 1945 1076 2000; baseline -0.019 0"><span class='ocrx_word' id='word_1_148' title='bbox 917 1945 1076 2000; x_wconf 90' lang='lat' dir='ltr'><strong>VIII.</strong></span> 
     </span>
     <span class='ocr_line' id='line_1_23' title="bbox 38 2020 1974 2115; baseline -0.006 -13"><span class='ocrx_word' id='word_1_149' title='bbox 38 2020 39 2023; x_wconf 8' lang='grc' dir='ltr'><strong>Ἴ</strong></span> <span class='ocrx_word' id='word_1_150' title='bbox 77 2040 85 2099; x_wconf 73' lang='lat' dir='ltr'>J</span> <span class='ocrx_word' id='word_1_151' title='bbox 142 2045 405 2101; x_wconf 86' lang='lat' dir='ltr'>Redditus</span> <span class='ocrx_word' id='word_1_152' title='bbox 437 2053 515 2098; x_wconf 91' lang='lat' dir='ltr'>est</span> <span class='ocrx_word' id='word_1_153' title='bbox 544 2044 697 2099; x_wconf 89' lang='lat' dir='ltr'>nobis</span> <span class='ocrx_word' id='word_1_154' title='bbox 730 2042 931 2098; x_wconf 85' lang='lat' dir='ltr'>Caesar</span> <span class='ocrx_word' id='word_1_155' title='bbox 961 2063 1082 2098; x_wconf 89' lang='lat' dir='ltr'>cum</span> <span class='ocrx_word' id='word_1_156' title='bbox 1116 2042 1347 2098; x_wconf 85' lang='lat' dir='ltr'>Caesare</span> <span class='ocrx_word' id='word_1_157' title='bbox 1377 2063 1562 2115; x_wconf 87' lang='lat' dir='ltr'>nuper,</span> <span class='ocrx_word' id='word_1_158' title='bbox 1677 2045 1974 2091; x_wconf 74' lang='lat' dir='ltr'>MAXIMO</span> 
     </span>
     <span class='ocr_line' id='line_1_24' title="bbox 215 2103 1970 2186; baseline -0.007 -15"><span class='ocrx_word' id='word_1_159' title='bbox 215 2135 348 2186; x_wconf 90' lang='lat' dir='ltr'>quos</span> <span class='ocrx_word' id='word_1_160' title='bbox 378 2115 508 2169; x_wconf 89' lang='lat' dir='ltr'>mihi</span> <span class='ocrx_word' id='word_1_161' title='bbox 537 2115 748 2179; x_wconf 89' lang='lat' dir='ltr'>misisti,</span> <span class='ocrx_word' id='word_1_162' title='bbox 779 2115 1019 2169; x_wconf 88' lang='lat' dir='ltr'>Maxime</span> <span class='ocrx_word' id='word_1_163' title='bbox 1052 2113 1234 2179; x_wconf 90' lang='lat' dir='ltr'>Cotta,</span> <span class='ocrx_word' id='word_1_164' title='bbox 1267 2116 1409 2169; x_wconf 77' lang='lat' dir='ltr'>deos·</span> <span class='ocrx_word' id='word_1_165' title='bbox 1686 2103 1769 2146; x_wconf 75' lang='lat' dir='ltr'>CO</span> <span class='ocrx_word' id='word_1_166' title='bbox 1779 2104 1819 2145; x_wconf 88' lang='lat' dir='ltr'><em>T</em></span> <span class='ocrx_word' id='word_1_167' title='bbox 1826 2104 1865 2146; x_wconf 89' lang='lat' dir='ltr'><em>T</em></span> <span class='ocrx_word' id='word_1_168' title='bbox 1865 2104 1904 2147; x_wconf 73' lang='grc' dir='ltr'><strong><em>Α</em></strong></span> <span class='ocrx_word' id='word_1_169' title='bbox 1916 2103 1970 2147; x_wconf 79' lang='lat' dir='ltr'>E·</span> 
     </span>
    </p>
   </div>
   <div class='ocr_carea' id='block_1_4' title="bbox 36 2186 1945 3602">
    <p class='ocr_par' dir='ltr' id='par_1_4' title="bbox 143 2186 1713 2256">
     <span class='ocr_line' id='line_1_25' title="bbox 143 2186 1713 2256; baseline -0.001 -14"><span class='ocrx_word' id='word_1_170' title='bbox 143 2195 306 2256; x_wconf 85' lang='lat' dir='ltr'>utque</span> <span class='ocrx_word' id='word_1_171' title='bbox 337 2196 490 2240; x_wconf 91' lang='lat' dir='ltr'>tuum</span> <span class='ocrx_word' id='word_1_172' title='bbox 519 2205 712 2240; x_wconf 90' lang='lat' dir='ltr'>munus</span> <span class='ocrx_word' id='word_1_173' title='bbox 742 2205 1045 2250; x_wconf 89' lang='lat' dir='ltr'>numerum,</span> <span class='ocrx_word' id='word_1_174' title='bbox 1076 2204 1233 2255; x_wconf 86' lang='lat' dir='ltr'>quem</span> <span class='ocrx_word' id='word_1_175' title='bbox 1266 2186 1447 2250; x_wconf 92' lang='lat' dir='ltr'>debet,</span> <span class='ocrx_word' id='word_1_176' title='bbox 1478 2186 1713 2251; x_wconf 88' lang='lat' dir='ltr'>haberet,</span> 
     </span>
    </p>

    <p class='ocr_par' dir='ltr' id='par_1_5' title="bbox 36 2255 1301 2312">
     <span class='ocr_line' id='line_1_26' title="bbox 36 2255 1301 2312; baseline 0.002 -4"><span class='ocrx_word' id='word_1_177' title='bbox 36 2303 38 2308; x_wconf 80' lang='grc'>,</span> <span class='ocrx_word' id='word_1_178' title='bbox 76 2304 78 2307; x_wconf 96' lang='grc'>.</span> <span class='ocrx_word' id='word_1_179' title='bbox 215 2267 295 2312; x_wconf 90' lang='lat' dir='ltr'>est</span> <span class='ocrx_word' id='word_1_180' title='bbox 323 2257 398 2311; x_wconf 91' lang='lat' dir='ltr'>ibi</span> <span class='ocrx_word' id='word_1_181' title='bbox 430 2255 750 2311; x_wconf 85' lang='lat' dir='ltr'>Caesaribus</span> <span class='ocrx_word' id='word_1_182' title='bbox 781 2256 939 2310; x_wconf 88' lang='lat' dir='ltr'>Livia</span> <span class='ocrx_word' id='word_1_183' title='bbox 967 2257 1147 2311; x_wconf 89' lang='lat' dir='ltr'>iuncta</span> <span class='ocrx_word' id='word_1_184' title='bbox 1177 2257 1301 2310; x_wconf 79' lang='lat' dir='ltr'>suiS.</span> 
     </span>
    </p>

    <p class='ocr_par' dir='ltr' id='par_1_6' title="bbox 39 2327 1915 2470">
     <span class='ocr_line' id='line_1_27' title="bbox 39 2327 1915 2400; baseline -0.002 -17"><span class='ocrx_word' id='word_1_185' title='bbox 39 2327 51 2391; x_wconf 65' lang='lat'>&#39;2</span> <span class='ocrx_word' id='word_1_186' title='bbox 80 2342 84 2359; x_wconf 76' lang='lat'><em>³</em></span> <span class='ocrx_word' id='word_1_187' title='bbox 145 2338 420 2400; x_wconf 86' lang='lat' dir='ltr'>argentum</span> <span class='ocrx_word' id='word_1_188' title='bbox 451 2328 579 2382; x_wconf 87' lang='lat' dir='ltr'>felix</span> <span class='ocrx_word' id='word_1_189' title='bbox 610 2328 857 2397; x_wconf 92' lang='lat' dir='ltr'>omnique</span> <span class='ocrx_word' id='word_1_190' title='bbox 888 2328 1092 2381; x_wconf 87' lang='lat' dir='ltr'>beatius</span> <span class='ocrx_word' id='word_1_191' title='bbox 1124 2347 1269 2391; x_wconf 88' lang='lat' dir='ltr'>aur0,</span> <span class='ocrx_word' id='word_1_192' title='bbox 1886 2351 1915 2389; x_wconf 82' lang='lat'>5</span> 
     </span>
     <span class='ocr_line' id='line_1_28' title="bbox 67 2399 1605 2470; baseline 0 -17"><span class='ocrx_word' id='word_1_193' title='bbox 67 2454 71 2461; x_wconf 73' lang='grc'>,</span> <span class='ocrx_word' id='word_1_194' title='bbox 216 2400 382 2470; x_wconf 87' lang='lat' dir='ltr'>quod,</span> <span class='ocrx_word' id='word_1_195' title='bbox 413 2399 574 2453; x_wconf 88' lang='lat' dir='ltr'>fuerit</span> <span class='ocrx_word' id='word_1_196' title='bbox 603 2400 830 2470; x_wconf 87' lang='lat' dir='ltr'>pretium</span> <span class='ocrx_word' id='word_1_197' title='bbox 862 2417 983 2452; x_wconf 92' lang='lat' dir='ltr'>cum</span> <span class='ocrx_word' id='word_1_198' title='bbox 1014 2399 1168 2462; x_wconf 85' lang='lat' dir='ltr'>rude,</span> <span class='ocrx_word' id='word_1_199' title='bbox 1200 2418 1398 2453; x_wconf 88' lang='lat' dir='ltr'>numen</span> <span class='ocrx_word' id='word_1_200' title='bbox 1428 2399 1605 2453; x_wconf 86' lang='lat' dir='ltr'>habet.</span> 
     </span>
    </p>

    <p class='ocr_par' dir='ltr' id='par_1_7' title="bbox 55 2468 1368 2533">
     <span class='ocr_line' id='line_1_29' title="bbox 55 2468 1368 2533; baseline -0.002 -8"><span class='ocrx_word' id='word_1_201' title='bbox 55 2487 66 2513; x_wconf 67' lang='grc' dir='ltr'>’ῑ</span> <span class='ocrx_word' id='word_1_202' title='bbox 143 2489 250 2526; x_wconf 89' lang='lat' dir='ltr'>non</span> <span class='ocrx_word' id='word_1_203' title='bbox 278 2470 405 2524; x_wconf 90' lang='lat' dir='ltr'>mihi</span> <span class='ocrx_word' id='word_1_204' title='bbox 439 2468 651 2524; x_wconf 40' lang='lat' dir='ltr'>divitias*</span> <span class='ocrx_word' id='word_1_205' title='bbox 679 2470 854 2523; x_wconf 87' lang='lat' dir='ltr'>dando</span> <span class='ocrx_word' id='word_1_206' title='bbox 885 2470 1085 2523; x_wconf 88' lang='lat' dir='ltr'>maiora</span> <span class='ocrx_word' id='word_1_207' title='bbox 1116 2470 1368 2533; x_wconf 87' lang='lat' dir='ltr'>dedisses,</span> 
     </span>
    </p>

    <p class='ocr_par' dir='ltr' id='par_1_8' title="bbox 74 2541 1368 2607">
     <span class='ocr_line' id='line_1_30' title="bbox 74 2541 1368 2607; baseline -0.002 -11"><span class='ocrx_word' id='word_1_208' title='bbox 74 2605 78 2607; x_wconf 11' lang='grc' dir='ltr'><strong>λ</strong></span> <span class='ocrx_word' id='word_1_209' title='bbox 215 2541 490 2596; x_wconf 85' lang='lat' dir='ltr'>caelitibus</span> <span class='ocrx_word' id='word_1_210' title='bbox 520 2541 691 2595; x_wconf 90' lang='lat' dir='ltr'>missis</span> <span class='ocrx_word' id='word_1_211' title='bbox 721 2549 902 2595; x_wconf 83' lang='lat' dir='ltr'>nostra</span> <span class='ocrx_word' id='word_1_212' title='bbox 932 2541 1032 2595; x_wconf 81' lang='lat' dir='ltr'>sub</span> <span class='ocrx_word' id='word_1_213' title='bbox 1063 2559 1155 2594; x_wconf 87' lang='lat' dir='ltr'>ora</span> <span class='ocrx_word' id='word_1_214' title='bbox 1185 2541 1368 2595; x_wconf 88' lang='lat' dir='ltr'>tribus.</span> 
     </span>
    </p>

    <p class='ocr_par' dir='ltr' id='par_1_9' title="bbox 43 2607 1413 2683">
     <span class='ocr_line' id='line_1_31' title="bbox 67 2612 1413 2683; baseline -0.001 -17.018"><span class='ocrx_word' id='word_1_215' title='bbox 43 2607 79 2666; x_wconf 70' lang='lat'>‘3</span> <span class='ocrx_word' id='word_1_216' title='bbox 145 2623 223 2668; x_wconf 91' lang='lat' dir='ltr'>est</span> <span class='ocrx_word' id='word_1_217' title='bbox 252 2612 474 2682; x_wconf 87' lang='lat' dir='ltr'>aliquid,</span> <span class='ocrx_word' id='word_1_218' title='bbox 506 2622 741 2683; x_wconf 87' lang='lat' dir='ltr'>spectare</span> <span class='ocrx_word' id='word_1_219' title='bbox 773 2612 899 2666; x_wconf 88' lang='lat' dir='ltr'>deos</span> <span class='ocrx_word' id='word_1_220' title='bbox 930 2622 983 2666; x_wconf 87' lang='lat' dir='ltr'>et</span> <span class='ocrx_word' id='word_1_221' title='bbox 1012 2612 1197 2666; x_wconf 84' lang='lat' dir='ltr'>adesse</span> <span class='ocrx_word' id='word_1_222' title='bbox 1228 2623 1413 2683; x_wconf 86' lang='lat' dir='ltr'>putare</span> 
     </span>
    </p>

    <p class='ocr_par' dir='ltr' id='par_1_10' title="bbox 39 2683 1945 2826">
     <span class='ocr_line' id='line_1_32' title="bbox 59 2683 1945 2754; baseline -0.001 -17"><span class='ocrx_word' id='word_1_223' title='bbox 59 2727 73 2742; x_wconf 69' lang='lat'>„</span> <span class='ocrx_word' id='word_1_224' title='bbox 214 2693 267 2738; x_wconf 86' lang='lat' dir='ltr'>et</span> <span class='ocrx_word' id='word_1_225' title='bbox 296 2683 448 2753; x_wconf 90' lang='lat' dir='ltr'>quasi</span> <span class='ocrx_word' id='word_1_226' title='bbox 479 2701 599 2737; x_wconf 91' lang='lat' dir='ltr'>cum</span> <span class='ocrx_word' id='word_1_227' title='bbox 630 2701 754 2737; x_wconf 93' lang='lat' dir='ltr'>vero</span> <span class='ocrx_word' id='word_1_228' title='bbox 784 2683 1001 2737; x_wconf 90' lang='lat' dir='ltr'>numine</span> <span class='ocrx_word' id='word_1_229' title='bbox 1032 2701 1187 2754; x_wconf 87' lang='lat' dir='ltr'>posse</span> <span class='ocrx_word' id='word_1_230' title='bbox 1218 2684 1381 2752; x_wconf 89' lang='lat' dir='ltr'>loqui.</span> <span class='ocrx_word' id='word_1_231' title='bbox 1890 2706 1945 2742; x_wconf 87' lang='lat'>10</span> 
     </span>
     <span class='ocr_line' id='line_1_33' title="bbox 39 2753 1537 2826; baseline 0 -18"><span class='ocrx_word' id='word_1_232' title='bbox 39 2812 43 2819; x_wconf 57' lang='grc'><em>,</em></span> <span class='ocrx_word' id='word_1_233' title='bbox 82 2755 83 2759; x_wconf 67' lang='grc'>’</span> <span class='ocrx_word' id='word_1_234' title='bbox 145 2755 273 2826; x_wconf 89' lang='lat' dir='ltr'>quin</span> <span class='ocrx_word' id='word_1_235' title='bbox 301 2753 516 2807; x_wconf 87' lang='lat' dir='ltr'>tandem</span> <span class='ocrx_word' id='word_1_236' title='bbox 543 2753 698 2817; x_wconf 88' lang='lat' dir='ltr'>redii,</span> <span class='ocrx_word' id='word_1_237' title='bbox 733 2772 832 2808; x_wconf 91' lang='lat' dir='ltr'>nec</span> <span class='ocrx_word' id='word_1_238' title='bbox 861 2773 946 2808; x_wconf 92' lang='lat' dir='ltr'>me</span> <span class='ocrx_word' id='word_1_239' title='bbox 976 2764 1119 2808; x_wconf 85' lang='lat' dir='ltr'>tenet</span> <span class='ocrx_word' id='word_1_240' title='bbox 1149 2755 1336 2807; x_wconf 86' lang='lat' dir='ltr'>ultima</span> <span class='ocrx_word' id='word_1_241' title='bbox 1366 2755 1537 2818; x_wconf 79' lang='lat' dir='ltr'>telluS,</span> 
     </span>
    </p>

    <p class='ocr_par' dir='ltr' id='par_1_11' title="bbox 78 2824 1467 2895">
     <span class='ocr_line' id='line_1_34' title="bbox 78 2824 1467 2895; baseline -0.001 -17"><span class='ocrx_word' id='word_1_242' title='bbox 78 2867 85 2872; x_wconf 68' lang='lat'>,</span> <span class='ocrx_word' id='word_1_243' title='bbox 215 2834 381 2894; x_wconf 88' lang='lat' dir='ltr'>utque</span> <span class='ocrx_word' id='word_1_244' title='bbox 411 2824 556 2895; x_wconf 87' lang='lat' dir='ltr'>prius</span> <span class='ocrx_word' id='word_1_245' title='bbox 567 2862 582 2886; x_wconf 91' lang='lat'>,</span> <span class='ocrx_word' id='word_1_246' title='bbox 611 2824 786 2878; x_wconf 89' lang='lat' dir='ltr'>media</span> <span class='ocrx_word' id='word_1_247' title='bbox 815 2842 995 2894; x_wconf 90' lang='lat' dir='ltr'>sospes</span> <span class='ocrx_word' id='word_1_248' title='bbox 1023 2825 1079 2877; x_wconf 88' lang='lat' dir='ltr'>in</span> <span class='ocrx_word' id='word_1_249' title='bbox 1105 2826 1239 2879; x_wconf 89' lang='lat' dir='ltr'>urbe</span> <span class='ocrx_word' id='word_1_250' title='bbox 1270 2825 1467 2878; x_wconf 74' lang='lat' dir='ltr'>moror!</span> 
     </span>
    </p>

    <p class='ocr_par' dir='ltr' id='par_1_12' title="bbox 52 2894 1481 2958">
     <span class='ocr_line' id='line_1_35' title="bbox 146 2894 1481 2958; baseline 0.001 -12.934"><span class='ocrx_word' id='word_1_251' title='bbox 146 2895 438 2950; x_wconf 89' lang='lat' dir='ltr'>Caesareos</span> <span class='ocrx_word' id='word_1_252' title='bbox 468 2894 622 2948; x_wconf 87' lang='lat' dir='ltr'>video</span> <span class='ocrx_word' id='word_1_253' title='bbox 653 2895 829 2948; x_wconf 88' lang='lat' dir='ltr'>vultus</span> <span class='ocrx_word' id='word_1_254' title='bbox 839 2934 854 2958; x_wconf 93' lang='lat'>,</span> <span class='ocrx_word' id='word_1_255' title='bbox 887 2896 1029 2948; x_wconf 89' lang='lat' dir='ltr'>velut</span> <span class='ocrx_word' id='word_1_256' title='bbox 1060 2905 1181 2949; x_wconf 86' lang='lat' dir='ltr'>ante</span> <span class='ocrx_word' id='word_1_257' title='bbox 1212 2896 1481 2949; x_wconf 85' lang='lat' dir='ltr'>videbam:</span> 
     </span>
    </p>

    <p class='ocr_par' dir='ltr' id='par_1_13' title="bbox 67 2964 1230 3036">
     <span class='ocr_line' id='line_1_36' title="bbox 67 2964 1230 3036; baseline -0.003 -16"><span class='ocrx_word' id='word_1_258' title='bbox 67 2965 83 3027; x_wconf 65' lang='lat' dir='ltr'>,J</span> <span class='ocrx_word' id='word_1_259' title='bbox 215 2967 306 3020; x_wconf 88' lang='lat' dir='ltr'>vix</span> <span class='ocrx_word' id='word_1_260' title='bbox 335 2966 492 3019; x_wconf 90' lang='lat' dir='ltr'>huius</span> <span class='ocrx_word' id='word_1_261' title='bbox 522 2964 632 3018; x_wconf 87' lang='lat' dir='ltr'>voti</span> <span class='ocrx_word' id='word_1_262' title='bbox 662 2984 782 3036; x_wconf 90' lang='lat' dir='ltr'>spes</span> <span class='ocrx_word' id='word_1_263' title='bbox 812 2965 914 3018; x_wconf 89' lang='lat' dir='ltr'>fuit</span> <span class='ocrx_word' id='word_1_264' title='bbox 942 2966 1051 3018; x_wconf 87' lang='lat' dir='ltr'>ulla</span> <span class='ocrx_word' id='word_1_265' title='bbox 1079 2965 1230 3018; x_wconf 79' lang='lat' dir='ltr'>mihil</span> 
     </span>
    </p>

    <p class='ocr_par' dir='ltr' id='par_1_14' title="bbox 54 3035 1941 3178">
     <span class='ocr_line' id='line_1_37' title="bbox 54 3035 1941 3107; baseline -0.002 -15"><span class='ocrx_word' id='word_1_266' title='bbox 54 3035 82 3106; x_wconf 57' lang='grc' dir='ltr'>’ᾗῇ</span> <span class='ocrx_word' id='word_1_267' title='bbox 145 3046 309 3107; x_wconf 85' lang='lat' dir='ltr'>utque</span> <span class='ocrx_word' id='word_1_268' title='bbox 339 3036 635 3090; x_wconf 88' lang='lat' dir='ltr'>salutabam</span> <span class='ocrx_word' id='word_1_269' title='bbox 663 3055 861 3090; x_wconf 89' lang='lat' dir='ltr'>numen</span> <span class='ocrx_word' id='word_1_270' title='bbox 893 3037 1142 3100; x_wconf 86' lang='lat' dir='ltr'>caeleste,</span> <span class='ocrx_word' id='word_1_271' title='bbox 1175 3037 1367 3090; x_wconf 88' lang='lat' dir='ltr'>saluto:</span> <span class='ocrx_word' id='word_1_272' title='bbox 1890 3060 1941 3096; x_wconf 78' lang='lat'>15</span> 
     </span>
     <span class='ocr_line' id='line_1_38' title="bbox 217 3106 1618 3178; baseline -0.001 -17.103"><span class='ocrx_word' id='word_1_273' title='bbox 217 3107 361 3178; x_wconf 88' lang='lat' dir='ltr'>quod</span> <span class='ocrx_word' id='word_1_274' title='bbox 389 3107 571 3162; x_wconf 89' lang='lat' dir='ltr'>reduci</span> <span class='ocrx_word' id='word_1_275' title='bbox 600 3107 827 3170; x_wconf 76' lang='lat' dir='ltr'>tribuaS,</span> <span class='ocrx_word' id='word_1_276' title='bbox 858 3107 956 3170; x_wconf 90' lang='lat' dir='ltr'>nil,</span> <span class='ocrx_word' id='word_1_277' title='bbox 987 3115 1139 3177; x_wconf 91' lang='lat' dir='ltr'>put0,</span> <span class='ocrx_word' id='word_1_278' title='bbox 1170 3107 1340 3160; x_wconf 88' lang='lat' dir='ltr'>maius</span> <span class='ocrx_word' id='word_1_279' title='bbox 1370 3106 1551 3161; x_wconf 86' lang='lat' dir='ltr'>habes.</span> <span class='ocrx_word' id='word_1_280' title='bbox 1615 3134 1618 3136; x_wconf 90' lang='lat'>·</span> 
     </span>
    </p>

    <p class='ocr_par' dir='ltr' id='par_1_15' title="bbox 56 3178 1453 3249">
     <span class='ocr_line' id='line_1_39' title="bbox 56 3178 1453 3249; baseline -0.001 -17"><span class='ocrx_word' id='word_1_281' title='bbox 56 3194 78 3243; x_wconf 65' lang='lat' dir='ltr'>{J</span> <span class='ocrx_word' id='word_1_282' title='bbox 146 3179 275 3249; x_wconf 91' lang='lat' dir='ltr'>quid</span> <span class='ocrx_word' id='word_1_283' title='bbox 303 3178 494 3232; x_wconf 87' lang='lat' dir='ltr'>nostris</span> <span class='ocrx_word' id='word_1_284' title='bbox 525 3178 690 3232; x_wconf 91' lang='lat' dir='ltr'>oculis</span> <span class='ocrx_word' id='word_1_285' title='bbox 720 3178 823 3231; x_wconf 91' lang='lat' dir='ltr'>nisi</span> <span class='ocrx_word' id='word_1_286' title='bbox 853 3178 964 3231; x_wconf 89' lang='lat' dir='ltr'>sola</span> <span class='ocrx_word' id='word_1_287' title='bbox 992 3178 1202 3231; x_wconf 87' lang='lat' dir='ltr'>Palatia</span> <span class='ocrx_word' id='word_1_288' title='bbox 1232 3178 1453 3232; x_wconf 86' lang='lat' dir='ltr'>desunt?</span> 
     </span>
    </p>

    <p class='ocr_par' dir='ltr' id='par_1_16' title="bbox 67 3246 1295 3319">
     <span class='ocr_line' id='line_1_40' title="bbox 67 3246 1295 3319; baseline -0.002 -15"><span class='ocrx_word' id='word_1_289' title='bbox 67 3256 79 3318; x_wconf 68' lang='grc' dir='ltr'>ἶ</span> <span class='ocrx_word' id='word_1_290' title='bbox 218 3250 309 3319; x_wconf 88' lang='lat' dir='ltr'>qui</span> <span class='ocrx_word' id='word_1_291' title='bbox 337 3250 509 3313; x_wconf 92' lang='lat' dir='ltr'>locus,</span> <span class='ocrx_word' id='word_1_292' title='bbox 541 3250 715 3303; x_wconf 88' lang='lat' dir='ltr'>ablato</span> <span class='ocrx_word' id='word_1_293' title='bbox 747 3246 1002 3312; x_wconf 88' lang='lat' dir='ltr'>Caesare,</span> <span class='ocrx_word' id='word_1_294' title='bbox 1032 3249 1150 3302; x_wconf 88' lang='lat' dir='ltr'>vilis</span> <span class='ocrx_word' id='word_1_295' title='bbox 1183 3249 1295 3303; x_wconf 88' lang='lat' dir='ltr'>erit.</span> 
     </span>
    </p>

    <p class='ocr_par' dir='ltr' id='par_1_17' title="bbox 36 3319 1755 3393">
     <span class='ocr_line' id='line_1_41' title="bbox 147 3319 1755 3393; baseline -0.001 -17.065"><span class='ocrx_word' id='word_1_296' title='bbox 147 3319 288 3374; x_wconf 86' lang='lat' dir='ltr'>hunc</span> <span class='ocrx_word' id='word_1_297' title='bbox 318 3339 418 3393; x_wconf 86' lang='lat' dir='ltr'>ego</span> <span class='ocrx_word' id='word_1_298' title='bbox 449 3339 569 3374; x_wconf 90' lang='lat' dir='ltr'>cum</span> <span class='ocrx_word' id='word_1_299' title='bbox 600 3329 856 3392; x_wconf 91' lang='lat' dir='ltr'>spectem,</span> <span class='ocrx_word' id='word_1_300' title='bbox 888 3320 1071 3373; x_wconf 88' lang='lat' dir='ltr'>videor</span> <span class='ocrx_word' id='word_1_301' title='bbox 1099 3319 1230 3373; x_wconf 88' lang='lat' dir='ltr'>mihi</span> <span class='ocrx_word' id='word_1_302' title='bbox 1259 3338 1472 3374; x_wconf 89' lang='lat' dir='ltr'>cernere</span> <span class='ocrx_word' id='word_1_303' title='bbox 1503 3321 1755 3386; x_wconf 84' lang='lat' dir='ltr'>Romam3</span> 
     </span>
    </p>

    <p class='ocr_par' dir='ltr' id='par_1_18' title="bbox 63 3391 1942 3532">
     <span class='ocr_line' id='line_1_42' title="bbox 218 3391 1942 3462; baseline 0.003 -18"><span class='ocrx_word' id='word_1_304' title='bbox 218 3399 343 3444; x_wconf 80' lang='lat' dir='ltr'>nam</span> <span class='ocrx_word' id='word_1_305' title='bbox 372 3391 572 3462; x_wconf 87' lang='lat' dir='ltr'>patriae</span> <span class='ocrx_word' id='word_1_306' title='bbox 602 3391 793 3445; x_wconf 89' lang='lat' dir='ltr'>faciem</span> <span class='ocrx_word' id='word_1_307' title='bbox 823 3391 1043 3445; x_wconf 84' lang='lat' dir='ltr'>sustinet</span> <span class='ocrx_word' id='word_1_308' title='bbox 1072 3391 1160 3444; x_wconf 89' lang='lat' dir='ltr'>ille</span> <span class='ocrx_word' id='word_1_309' title='bbox 1190 3410 1334 3445; x_wconf 86' lang='lat' dir='ltr'>suae.</span> <span class='ocrx_word' id='word_1_310' title='bbox 1886 3412 1942 3450; x_wconf 81' lang='lat'>:20</span> 
     </span>
     <span class='ocr_line' id='line_1_43' title="bbox 63 3461 1446 3532; baseline 0.001 -18"><span class='ocrx_word' id='word_1_311' title='bbox 63 3466 70 3531; x_wconf 66' lang='lat' dir='ltr'>J</span> <span class='ocrx_word' id='word_1_312' title='bbox 148 3461 325 3525; x_wconf 84' lang='lat' dir='ltr'>fallor,</span> <span class='ocrx_word' id='word_1_313' title='bbox 356 3481 424 3515; x_wconf 89' lang='lat' dir='ltr'>an</span> <span class='ocrx_word' id='word_1_314' title='bbox 453 3461 573 3514; x_wconf 86' lang='lat' dir='ltr'>irati</span> <span class='ocrx_word' id='word_1_315' title='bbox 602 3462 729 3515; x_wconf 80' lang='lat' dir='ltr'>mihi</span> <span class='ocrx_word' id='word_1_316' title='bbox 759 3471 881 3516; x_wconf 87' lang='lat' dir='ltr'>sunt</span> <span class='ocrx_word' id='word_1_317' title='bbox 908 3463 965 3515; x_wconf 91' lang='lat' dir='ltr'>in</span> <span class='ocrx_word' id='word_1_318' title='bbox 991 3462 1223 3532; x_wconf 83' lang='lat' dir='ltr'>imagine</span> <span class='ocrx_word' id='word_1_319' title='bbox 1253 3463 1446 3525; x_wconf 77' lang='lat' dir='ltr'>vultUS,</span> 
     </span>
    </p>

    <p class='ocr_par' dir='ltr' id='par_1_19' title="bbox 222 3533 1536 3602">
     <span class='ocr_line' id='line_1_44' title="bbox 222 3533 1536 3602; baseline 0.001 -17"><span class='ocrx_word' id='word_1_320' title='bbox 222 3541 478 3602; x_wconf 88' lang='lat' dir='ltr'>torvaque</span> <span class='ocrx_word' id='word_1_321' title='bbox 507 3533 683 3586; x_wconf 90' lang='lat' dir='ltr'>nescio</span> <span class='ocrx_word' id='word_1_322' title='bbox 713 3534 840 3602; x_wconf 88' lang='lat' dir='ltr'>quid</span> <span class='ocrx_word' id='word_1_323' title='bbox 870 3533 1043 3587; x_wconf 89' lang='lat' dir='ltr'>forma</span> <span class='ocrx_word' id='word_1_324' title='bbox 1070 3534 1317 3587; x_wconf 89' lang='lat' dir='ltr'>minantis</span> <span class='ocrx_word' id='word_1_325' title='bbox 1347 3533 1536 3587; x_wconf 84' lang='lat' dir='ltr'>habet?</span> 
     </span>
    </p>
   </div>
   <div class='ocr_carea' id='block_1_5' title="bbox 0 0 117 3906">
    <p class='ocr_par' dir='ltr' id='par_1_20' title="bbox 0 0 117 3906">
     <span class='ocr_line' id='line_1_45' title="bbox 0 0 117 3906; baseline 0 0"><span class='ocrx_word' id='word_1_326' title='bbox 0 0 117 3906; x_wconf 95' lang='lat' dir='ltr'>   </span> 
     </span>
    </p>
   </div>
  </div>
 </body>
</html>
