2158 3906
255 389 345 438 Ex
365 389 583 437 PONTO
613 389 736 435 LIB.
760 389 847 435 111.
869 388 956 447 lx,
977 389 1163 435 49-56.
1194 388 1317 437 LIB.
1340 388 1423 436 IV.
1446 389 1592 446 Ῑ-ῙῙ,
1613 390 1683 435 38.
1724 378 1831 433 269

135 491 346 547 'dicat
375 500 436 546 ut
467 489 701 546 Calamis
731 491 968 553 laudem,
999 509 1133 561 quos
1164 490 1314 555 fecit,
1345 508 1626 560 equorum:

185 575 245 620 ut
275 562 458 617 similis
489 581 645 617 verae
676 581 840 617 vacca
869 563 1114 632 Myronis
1145 580 1301 633 opus:

113 696 126 701 ,
144 633 195 691 ‘o
220 651 322 705 ego
352 651 470 687 sum
500 651 677 687 rerum
707 651 814 687 non
844 633 1053 696 ultima,
1087 631 1274 695 Sexte,
1305 644 1533 698 tuarum,
1858 650 1913 690 35

112 762 114 766 ,
164 704 488 774 ‚tutelaeque
521 703 662 758 feror
691 722 885 758 munus
916 722 1155 775 opusque
1186 715 1324 759 tuae.

906 802 910 806 ’
929 817 1003 870 11.

130 917 278 972 uod
308 916 465 988 legis,
497 933 528 970 o
558 925 705 971 vates
737 934 1053 987 magnorum
1084 918 1311 971 maxime
1342 936 1546 989 regum,
1645 917 1733 961 SE
1748 917 1940 963 VERO·

114 1000 128 1035 ἰ
185 987 329 1043 venit
359 986 428 1041 ab
458 987 679 1041 intonsis
710 1005 903 1057 usque,
936 985 1157 1051 Severe,
1191 986 1367 1042 Getis:

116 1078 118 1081 ·
146 1058 265 1115 uius
296 1057 470 1113 adhuc
500 1076 694 1112 nomen
723 1068 931 1113 nostros
963 1058 1188 1113 tacuisse
1219 1059 1440 1123 libellos,

185 1130 228 1185 si
259 1129 416 1184 modo
447 1129 706 1201 permittis
738 1130 911 1184 dicere
942 1148 1092 1193 vera,
1124 1130 1305 1203 pudet.

108 1200 243 1277 jarba
271 1210 450 1255 tamen
479 1201 712 1255 numeris
743 1200 1223 1284 cessavit-epistula
1252 1219 1543 1271 numquam
1856 1220 1882 1259 5

118 1318 120 1323 .
182 1271 258 1327 ire
287 1291 382 1344 per
412 1272 640 1327 alternas
671 1271 908 1325 officiosa
940 1289 1103 1326 vices:

108 1343 346 1398 rmina
376 1343 488 1398 sola
517 1342 614 1397 tibi
642 1360 930 1397 memorem
960 1342 1208 1397 testantia
1239 1361 1419 1396 curam

181 1433 289 1469 non
321 1414 444 1468 data
473 1422 611 1468 sunt.
687 1414 816 1484 quid
845 1413 1010 1477 enim,
1042 1431 1178 1483 quae
1209 1412 1339 1467 facis
1370 1414 1508 1484 ipse,
1540 1413 1755 1468 darem?

111 1512 132 1548 ,ς
170 1485 230 1540 “s
261 1486 366 1540 mel
397 1480 672 1549 Aristan,
704 1484 822 1554 quis
853 1483 1069 1538 Baccho
1101 1483 1223 1536 vina
1253 1483 1497 1547 Falerna,

32 1598 33 1624 ἢ
135 1583 146 1596 ··
183 1556 512 1628 Triptolemo
542 1555 750 1627 fruges,
781 1572 939 1626 poma
969 1554 1058 1608 det
1086 1554 1347 1608 Alcinoo?
1861 1573 1912 1612 10

31 1625 33 1690 ξ
108 1628 284 1684 Qiertile
313 1636 498 1711 pectus
528 1626 718 1689 habes,
748 1625 990 1695 interque
1020 1624 1284 1679 Helicona
1314 1625 1544 1680 colentes

181 1698 398 1754 uberius
427 1697 559 1752 nulli
588 1696 830 1770 provenit
859 1697 960 1750 ista
990 1714 1160 1768 seges.

114 1770 316 1826 ittere
348 1768 416 1824 ad
445 1768 588 1823 hunc
618 1786 854 1832 carmen,
885 1767 1100 1821 frondes
1131 1776 1244 1822 erat
1274 1767 1468 1822 addere
1499 1768 1660 1823 silvis.

106 1866 114 1871 ··
181 1839 314 1897 haec
344 1839 475 1894 mihi
504 1839 787 1895 cunctandi
818 1847 1003 1902 causa,
1036 1837 1258 1902 Severe,
1289 1838 1405 1892 fuit.

38 1849 44 2022 Ι
115 1930 212 1975 yec
242 1921 419 1967 tamen
448 1910 722 1983 ingenium
750 1910 903 1964 nobis
934 1910 1243 1981 respondet,
1275 1921 1333 1964 ut
1365 1919 1503 1973 ante,
1860 1929 1911 1967 15

39 2025 42 2052 ,
107 2006 121 2054 34
183 1983 277 2038 sed
306 1983 506 2038 siccum
536 1981 699 2037 sterili
728 1999 940 2035 vomere
970 1982 1093 2035 litus
1124 1999 1232 2035 aro.

38 2053 43 2144 j
121 2054 310 2110 cilicet
339 2063 398 2108 ut
426 2053 584 2108 limus
614 2071 775 2108 venas
807 2061 1053 2107 excaecat
1082 2052 1137 2105 in
1168 2051 1340 2115 undis,

37 2147 44 2223 Ξ
109 2135 114 2197 Ἀ
179 2125 429 2195 laesaque
460 2142 742 2196 suppresso
771 2123 918 2178 fonte
948 2122 1143 2178 resistit
1173 2140 1336 2191 aqua:

104 2206 326 2263 pectora
349 2196 431 2250 sic
459 2214 580 2250 mea
609 2205 733 2249 sunt
761 2194 888 2257 limo
918 2194 1102 2247 vitiata
1131 2194 1406 2257 malorum,

31 2325 34 2336 ,
182 2277 235 2324 et
264 2286 476 2323 carmen
507 2285 644 2321 vena
672 2266 985 2337 pauperiore
1014 2265 1145 2319 fluit.
1856 2282 1913 2323 20

102 2365 131 2396 2:
185 2339 303 2410 quis
333 2339 388 2391 in
417 2338 520 2392 hac
547 2337 723 2409 ipsum
753 2347 892 2392 terra
922 2337 1181 2408 posuisset
1213 2337 1527 2401 Homerum,

109 2414 113 2479 j
181 2419 343 2474 esset,
375 2409 532 2464 crede
560 2408 714 2471 mihi,
746 2409 920 2462 factus
952 2418 1004 2462 et
1033 2407 1121 2462 ille
1153 2406 1336 2461 Getes.

124 2505 134 2524 ·
158 2508 165 2527 ι
208 2481 417 2536 veniam
447 2479 613 2534 fasso:
636 2479 831 2533 studiis
861 2496 1073 2549 quoque
1104 2478 1255 2533 frena
1284 2478 1479 2541 remisi,

30 2617 34 2623 1
99 2588 103 2597 ·
182 2552 392 2607 ducitur
421 2559 474 2606 et
502 2551 680 2622 digitis
710 2551 885 2605 littera
913 2569 1032 2604 rara
1061 2550 1208 2604 meis.

109 2620 336 2695 impetus
365 2621 454 2678 ille
485 2640 656 2686 sacer,
686 2622 779 2691 qui
808 2631 989 2676 vatum
1019 2631 1234 2692 pectora
1262 2621 1442 2685 nutrit,
1499 2664 1501 2666 .
1856 2640 1908 2680 25

182 2694 273 2764 qui
302 2694 448 2765 prius
477 2693 533 2748 in
561 2693 714 2747 nobis
745 2712 860 2748 esse
890 2693 1119 2757 solebat,
1151 2693 1316 2746 abest.

109 2765 201 2819 vix
230 2765 376 2819 venit
405 2764 474 2818 ad
502 2772 702 2835 partes,
732 2764 823 2818 vix
852 2773 1096 2834 sumptae
1126 2763 1290 2817 Musa
1319 2763 1545 2818 tabellae

181 2834 403 2908 imponit
436 2834 615 2918 pigras
645 2853 814 2905 paene
845 2846 1028 2888 coacta
1057 2853 1262 2888 manus

30 2902 34 2912 ¹
110 2925 404 2979 parvaque,
435 2924 503 2960 ne
533 2905 708 2959 dicam
738 2905 1001 2959 scribendi
1030 2906 1177 2958 nulla
1205 2905 1450 2975 voluptas

183 2986 263 3032 est
293 2977 448 3040 mihi,
478 2995 577 3032 nec
606 2976 839 3030 numeris
869 2985 1079 3030 nectere
1109 2976 1274 3029 verba
1302 2975 1462 3029 iuvat.
1854 2995 1910 3034 30

32 3070 33 3075 ¹
101 3048 222 3115 sive
253 3048 398 3119 quod
426 3048 550 3101 hinc
578 3047 784 3102 fructus
815 3047 946 3101 adeo
977 3065 1085 3099 non
1105 3047 1351 3117 >cepimus
1383 3047 1535 3110 ullos,

33 3143 35 3159 ·
52 3174 64 3183 ,
181 3119 499 3191 principium
527 3119 693 3172 nostri
722 3137 806 3173 res
838 3118 904 3171 sit
933 3127 992 3171 ut
1021 3117 1123 3171 ista
1152 3117 1302 3171 mali:

33 3230 35 3236 ⁴
121 3189 221 3244 've
250 3190 395 3260 quod
423 3191 479 3244 in
508 3190 739 3244 tenebris
768 3207 1076 3244 numerosos
1107 3207 1303 3260 ponere
1332 3199 1532 3260 gestuS,

33 3271 35 3315 ζ
107 3283 110 3286 ·
182 3262 431 3332 quodque
459 3261 607 3334 legas
636 3261 791 3324 nulli,
823 3261 1052 3314 scribere
1083 3278 1320 3323 carmen,
1351 3260 1494 3314 idem
1524 3269 1619 3315 est..

16 3339 34 3387 ,¹
127 3357 139 3378 ι
158 3373 163 3379 .
181 3332 306 3387 citat
334 3331 542 3386 auditor
572 3332 830 3396 studium,
859 3332 1181 3401 laudataque
1212 3331 1376 3385 virtus
1853 3350 1906 3389 35

16 3413 53 3470 ᾗ
185 3403 395 3467 crescit,
427 3413 480 3458 et
508 3403 806 3458 inmensum
834 3403 1004 3474 gloria
1033 3404 1207 3457 calcar
1236 3402 1412 3456 habet.

33 3481 35 3536 j
108 3472 199 3527 wc
227 3492 348 3528 mea
377 3474 463 3527 oui
490 3475 706 3528 recitem
735 3475 837 3528 nisi
866 3475 1015 3528 flavis
1047 3475 1241 3544 scripta
1273 3472 1514 3537 CoralliS‚

15 3551 51 3634 Ἣ
123 3556 125 3562 ⁴
182 3561 421 3615 quasque
452 3545 578 3599 alias
609 3555 792 3616 gentes
822 3546 1080 3600 barbarus
1110 3546 1294 3599 Hister
1322 3545 1514 3599 habet?
