2158 3906
348 319 451 372 100
898 325 954 368 P.
989 322 1194 369 OVIDII
1223 321 1495 368 NASONIS

419 432 550 483 haec
582 437 726 482 aetas
756 427 953 479 bellum
985 425 1194 487 suadet,
1226 433 1279 476 at
1307 424 1397 476 illa
1423 424 1578 493 gerit.

352 503 427 555 sic
459 500 638 553 statuit
667 514 979 564 mensesque
1010 506 1134 547 nota
1164 494 1387 548 secrevit
1418 495 1617 547 eadem.

420 571 605 623 Iunius
638 578 716 620 est
744 568 1018 619 iuvenum:
1052 566 1143 634 qui
1173 566 1273 617 fuit
1303 575 1446 628 ante,
1479 564 1696 617 senum?

353 642 499 695 dixit.
574 649 625 692 et
654 639 708 690 in
738 638 883 689 litem
915 637 1087 689 studio
1119 637 1416 690 certaminis
1447 636 1626 698 issent,

268 734 322 772 90
424 722 580 779 atque
610 710 687 761 ira
716 709 884 777 pietas
916 708 1243 760 dissimulata
1272 707 1431 760 foret:
1463 736 1534 744 —

351 783 494 835 venit
526 779 807 849 Apollinea
836 779 1021 847 longas
1054 777 1352 831 Concordia
1381 778 1529 830 lauro

422 871 559 904 nexa
591 869 792 911 comaS,
823 850 1016 918 placidi
1046 868 1243 901 numen
1273 866 1511 918 opusque
1543 847 1707 900 ducis·

351 923 482 975 haec
513 922 607 974 ubi
636 921 868 973 narravit
898 920 1115 972 Tatium
1144 919 1440 986 fortemque
1471 917 1754 984 Quirinum

423 993 653 1061 binaque
684 1009 805 1044 cum
834 991 1043 1060 populis
1073 1009 1238 1060 regna
1268 990 1435 1042 coisse
1466 989 1590 1051 suiS‚

270 1086 321 1125 95
354 1073 406 1118 et
436 1064 577 1117 Lare
610 1061 876 1115 communi
906 1079 1113 1114 soceros
1143 1078 1472 1130 generosque
1502 1069 1757 1129 receptOS,

426 1135 532 1186 ‘his
563 1153 755 1186 nomen
785 1133 976 1185 iunctis
1006 1131 1216 1184 Iunius'
1247 1131 1419 1199 inquit
1450 1130 1666 1183 ‘habet.'

354 1207 495 1260 dicta
525 1205 716 1274 triplex
748 1222 907 1257 causa
938 1212 1032 1256 est.
1108 1212 1163 1255 at
1192 1220 1286 1255 vos
1316 1201 1597 1271 ignoscite,
1629 1201 1805 1254 divae:

425 1296 508 1329 res
540 1287 618 1329 est
649 1275 864 1328 arbitrio
894 1292 1002 1326 non
1032 1273 1324 1327 dirimenda
1354 1291 1490 1325 mec.

351 1349 423 1402 ite
454 1366 605 1416 pares
638 1365 669 1398 a
698 1365 799 1399 me.
875 1345 1142 1415 perierunt
1171 1344 1345 1396 iudice
1375 1343 1576 1396 formae

244 1440 324 1478 100
424 1418 713 1488 Pergama:
744 1417 862 1487 plus
893 1416 1132 1477 laedunt,
1163 1432 1323 1484 quam
1356 1415 1500 1467 iuvat
1530 1433 1661 1478 una,
1695 1413 1850 1466 duae.

353 1560 536 1614 Prima
563 1560 673 1612 dies
698 1559 810 1621 tibi,
833 1557 1027 1619 Carna,
1052 1558 1221 1610 datur.
1254 1557 1354 1610 dea
1377 1555 1603 1609 cardinis
1626 1555 1757 1608 haec
1781 1563 1874 1607 est.
1907 1567 1946 1609 1.
1972 1567 2065 1622 [H-

426 1630 641 1693 numine
674 1630 852 1682 clausa
883 1629 1075 1699 aperit,
1107 1628 1304 1681 claudit
1336 1636 1517 1697 aperta
1548 1644 1660 1678 suc.
1806 1625 1912 1666 Κ·Ῑ
1924 1624 2018 1666 VN
2033 1623 2064 1680 ·]

355 1703 497 1754 unde
528 1702 676 1754 datas
706 1701 899 1753 habeat
929 1700 1090 1762 vires,
1123 1699 1392 1751 obscurior
1423 1715 1553 1750 aevo
1911 1680 1966 1721 N

426 1773 592 1835 fama3
626 1771 718 1824 sed
749 1791 777 1824 e
807 1781 984 1823 nostro
1016 1770 1245 1822 carmine
1276 1779 1449 1822 certus
1481 1769 1598 1820 eris,

246 1863 325 1903 105
358 1844 562 1896 adiacet
593 1843 839 1910 antiquus
871 1842 1121 1893 Tiberino
1151 1842 1302 1892 lucus
1333 1838 1576 1892 Helerni:

427 1914 702 1983 pontifices
732 1913 858 1964 illuc
886 1931 1028 1964 nunc
1058 1929 1270 1979 quoque
1302 1929 1450 1963 sacra
1480 1909 1673 1961 ferunt.

356 1985 479 2038 inde
512 1994 625 2037 sata
656 1993 733 2036 est
763 1983 996 2052 nymphe
1025 2013 1098 2019 —
1128 1980 1375 2034 Cranaen
1406 1981 1586 2033 dixere
1617 1979 1815 2049 priores
1848 2008 1919 2017 —-

427 2055 750 2123 nequiquam
780 2054 961 2106 multis
992 2072 1150 2122 saepe
1180 2052 1345 2123 petita
1373 2051 1562 2122 procis.

356 2146 481 2180 rura
511 2126 661 2193 sequi
690 2125 981 2193 iaculisque
1011 2124 1150 2177 feras
1181 2123 1382 2193 agitare
1413 2122 1615 2175 solebat

247 2218 328 2257 110
428 2197 763 2264 nodosasque
795 2214 926 2248 cava
956 2195 1172 2248 tendere
1202 2194 1338 2246 valle
1369 2194 1570 2263 plagas.

358 2288 464 2322 non
494 2268 681 2320 habuit
710 2267 1035 2336 pharetram:
1066 2265 1274 2318 Phoebi
1304 2274 1482 2317 tamen
1513 2283 1626 2318 esse
1659 2282 1893 2316 sororem

432 2339 732 2391 credebant.
806 2356 904 2390 nec
936 2346 1070 2398 erat,
1101 2336 1343 2397 Phoebe,
1374 2335 1624 2404 pudenda
1653 2334 1767 2386 tibi.

359 2410 482 2462 huic
514 2408 702 2476 aliquis
734 2408 985 2461 iuvenum
1016 2407 1231 2458 dixisset
1261 2406 1491 2458 amantia
1520 2405 1699 2466 verba,

431 2479 685 2532 reddebat
715 2479 846 2531 tales
876 2478 1114 2547 protinus
1144 2477 1234 2529 illa
1264 2495 1442 2529 sonos:

252 2570 329 2608 115
363 2551 516 2603 ‘haec
546 2551 662 2602 loca
690 2550 823 2602 lucis
854 2549 1050 2601 habent
1079 2548 1234 2600 nimis
1265 2557 1316 2599 et
1347 2566 1467 2600 cum
1497 2547 1615 2599 luce
1645 2545 1888 2616 pudoris:

434 2622 478 2674 si
508 2629 709 2674 secreta
738 2619 907 2688 magis
939 2619 1087 2672 ducis
1117 2619 1170 2670 in
1202 2628 1374 2680 antra,
1404 2618 1630 2685 sequor.3

363 2692 606 2746 credulus
637 2700 756 2744 ante
786 2691 898 2742 ivit.
972 2689 1186 2742 frutices
1217 2689 1348 2742 haec
1378 2700 1532 2740 nacta
1561 2687 1754 2740 resistit

434 2774 485 2816 et
513 2763 642 2816 latet
672 2771 724 2814 et
752 2762 897 2813 nullo
929 2771 1007 2813 est
1036 2760 1352 2814 invenienda
1380 2760 1555 2811 modo,

363 2834 565 2886 viderat
594 2833 731 2886 hanc
762 2833 947 2894 IanUS,
978 2832 1227 2900 visaeque
1259 2830 1503 2900 cupidine
1535 2839 1718 2900 captus

253 2924 333 2964 120
435 2905 503 2957 ad
535 2905 721 2956 duram
751 2903 924 2956 verbis
955 2903 1200 2955 mollibus
1230 2921 1358 2954 usus
1389 2910 1516 2954 erat.

363 2976 598 3046 nympha
627 2975 776 3042 iubet
803 2974 984 3042 quaeri
1015 2974 1081 3027 de
1109 2991 1256 3027 more
1284 2973 1534 3026 remotius
1566 2981 1793 3033 antrum,

435 3056 597 3115 utque
628 3064 810 3099 comes*
834 3045 1069 3113 sequitur
1100 3043 1438 3112 destituitque
1470 3043 1674 3095 ducem.

365 3117 544 3170 stulta!
578 3117 720 3169 videt
749 3117 936 3177 IanUS,
968 3134 1104 3183 quae
1134 3123 1253 3184 post
1282 3133 1377 3166 sua
1406 3123 1555 3182 terga
1585 3120 1859 3182 gerantur:

436 3189 510 3240 nil
540 3188 679 3257 agis,
712 3196 763 3240 et
793 3186 1019 3238 latebras
1050 3185 1260 3254 respicit
1289 3185 1375 3237 ille
1407 3193 1545 3236 tuas:

255 3276 334 3316 125
366 3259 438 3310 nil
470 3258 599 3327 agis·
675 3256 763 3310 en!
797 3256 929 3308 dixi:
961 3275 1084 3308 nam
1114 3265 1166 3307 te
1196 3255 1295 3307 sub
1324 3273 1454 3323 rupe
1484 3255 1733 3306 latentem

438 3336 662 3398 occupat
691 3327 960 3396 amplexu,
992 3343 1190 3395 speque
1220 3324 1415 3394 potitus
1446 3324 1539 3376 ait:

368 3401 472 3454 ‘ius
503 3417 597 3469 pro
629 3397 911 3451 concubitu
941 3405 1117 3448 nostro
1148 3395 1244 3447 tibi
1275 3395 1497 3447 cardinis
1531 3404 1658 3448 esto,

437 3471 537 3523 hoc
567 3469 794 3540 pretium
824 3468 1025 3538 positae
1057 3466 1367 3537 virginitatis
1399 3465 1568 3519 habe.’
