2158 3906
480 337 793 385 'rmsTmM
822 338 943 384 Lm.
975 338 1032 385 v.
1066 338 1173 396 vn,
1205 338 1404 396 37-1X,
1436 338 1505 384 14„
1744 328 1847 382 193

141 441 248 499 vidi
277 457 377 512 ego
407 438 685 532 navifrago
716 440 910 509 piratas
942 457 1168 509 aequore
1199 439 1367 510 mergi

211 521 263 568 et
293 517 604 579 ‘numquam
662 510 770 563 dixi
802 510 1011 564 ‘iustior
1040 511 1182 564 unda
1212 510 1346 564 fuit.’

136 583 262 638 *vilia
291 581 382 652 qui
412 581 681 651 quondam
711 581 913 635 miseris
945 581 1191 635 alimenta
1220 582 1465 653 negabat,

42 699 43 705 ,
209 671 350 708 nunc
379 651 677 706 mendicato
724 652 940 705 iascitur
968 652 1082 722 ipse
1114 653 1246 706 cibo.

138 723 380 797 passibus
412 722 675 793 ambiguis
706 671 944 776 l'ortuna
974 723 1218 776 volubilis
1251 732 1389 778 errat
1880 741 1930 780 15

138 857 144 867 ¹
209 803 261 851 et
290 803 468 848 manet
496 793 551 847 in
581 793 727 846 nullo
759 803 901 848 certa
931 803 1196 863 tenaxque
1226 795 1358 857 loce,

136 865 231 921 sed
260 865 418 919 modo
448 865 586 919 laeta
616 864 785 928 venit,
816 866 993 918 vultus
1025 865 1182 919 modo
1213 866 1372 919 sumit
1401 868 1637 931 acerbos,

51 934 72 1041 i
210 945 261 992 et
289 945 495 991 tantum
526 943 771 990 constans
801 935 857 989 in
886 936 1100 990 levitate
1132 955 1228 990 sua
1258 947 1351 991 est.

34 1013 68 1080 ᾗ
133 1026 232 1063 nos
263 1024 473 1078 quoque
503 1006 798 1061 floruimus:
831 1006 925 1061 sed
954 1007 1050 1061 flos
1081 1016 1192 1062 erat
1221 1007 1307 1062 ille
1338 1008 1587 1072 caducus,

50 1079 74 1199 ξ
206 1078 524 1148 flammaque
556 1078 622 1132 de
653 1078 846 1149 stipula
874 1086 1055 1132 nostra
1083 1078 1364 1148 brevisque
1394 1079 1511 1132 fuit.
1541 1109 1614 1117 -—
1876 1096 1931 1135 20

132 1168 269 1205 neve
298 1158 475 1204 tamen
505 1157 616 1203 tota
646 1149 821 1221 capias
853 1149 966 1203 fera
994 1150 1191 1220 gaudia
1220 1160 1419 1203 mente:

116 1264 118 1269 ,
205 1239 313 1275 non
344 1229 422 1275 est
451 1220 695 1292 placandi
726 1239 845 1291 spes
875 1219 1004 1272 mihi
1032 1220 1178 1274 nulla
1208 1220 1309 1274 dei.

48 1224 85 1365 ὲ
132 1292 220 1347 vel
249 1291 375 1361 quia
404 1292 621 1362 peccavi
653 1291 783 1345 citra
812 1291 1008 1354 scelus,
1040 1299 1203 1359 utque
1234 1291 1436 1361 pudore

52 1370 79 1435 ξ,
115 1363 120 1414 1‘
205 1380 313 1416 non
344 1370 508 1426 caret,
539 1361 738 1416 invidia
767 1362 842 1415 sic
871 1379 990 1415 mea
1020 1361 1177 1431 culpa
1207 1371 1372 1415 caret:

52 1435 78 1449 ”
131 1433 220 1488 vel
250 1433 375 1504 quia
404 1434 478 1487 nil
507 1433 694 1504 ingens
725 1432 793 1486 ad
822 1432 982 1486 finem
1013 1431 1137 1485 solis
1168 1431 1237 1485 ab
1267 1441 1385 1485 ortu
1879 1451 1931 1489 25

46 1503 55 1554 f
84 1517 85 1521 ’
205 1504 294 1558 ἱ110
304 1543 319 1568 ,
351 1504 436 1558 cui
464 1514 636 1575 paret,
667 1503 844 1556 mitius
875 1501 1015 1556 orbis
1046 1502 1221 1556 habet.

15 1600 16 1603 ¹
48 1603 83 1686 ἶ
131 1574 331 1630 scilicet
360 1583 419 1629 ut
448 1593 543 1645 per
571 1575 678 1628 vim
709 1591 814 1627 non
846 1582 926 1627 est
955 1591 1017 1626 su
1058 1572 1267 1627 erabilis
1299 1573 1408 1638 ulli,

61 1683 73 1703 -,-.
203 1645 360 1700 molle
393 1663 482 1700 cor
512 1645 580 1699 ad
610 1645 819 1698 timidas
850 1644 926 1698 sic
956 1642 1025 1697 ha
1065 1654 1117 1699 ct
1147 1644 1234 1698 ille
1262 1662 1463 1715 preces,

57 1722 81 1789 ’ἐς
131 1717 480 1788 exemploque
511 1715 695 1780 deum,
727 1715 922 1786 quibus
952 1733 1260 1770 accessurus
1292 1726 1343 1769 et
1373 1716 1487 1787 ipse
1519 1726 1615 1781 cst,

69 1796 74 1859 j
205 1806 326 1843 cum
355 1805 557 1859 poenae
587 1786 741 1842 venia
771 1787 924 1858 plura
953 1786 1190 1870 roganda
1221 1786 1383 1840 dabit.
1876 1807 1931 1846 30

51 1912 67 1930 a·
129 1858 180 1913 si
207 1877 452 1913 numeres
483 1876 621 1912 anno
652 1858 871 1912 soles‘et
901 1857 1084 1911 nubila
1114 1867 1240 1922 tot0,

74 1931 82 1985 ζ
204 1929 440 1984 invenies
468 1929 695 1985 nitidum
725 1929 935 2000 saepius
965 1929 1067 1983 isse
1099 1929 1254 1983 diem.

70 2055 80 2059 -
130 2019 260 2073 crgo
289 2019 356 2055 ne
386 1999 607 2054 nimium
637 2009 815 2054 nostra
845 2001 1038 2055 laetere
1067 2000 1235 2062 ruina,
1391 2052 1395 2056 .

68 2135 72 2140 ,
202 2071 407 2127 restitui
436 2071 703 2143 quondam
733 2091 818 2126 me
849 2089 1059 2141 quoque
1089 2090 1245 2143 posse
1276 2081 1420 2143 puta.

132 2161 286 2215 posse
316 2151 446 2226 puta
473 2142 610 2207 fieri,
640 2142 801 2196 lenito
831 2142 1067 2213 principe
1098 2143 1276 2196 vultus
1876 2159 1929 2199 35

68 2262 71 2268 .
99 2271 101 2274 ,
202 2222 262 2268 ut
291 2213 472 2268 vldeas
501 2213 676 2268 media
706 2214 867 2267 tristis
898 2214 953 2266 in
982 2213 1114 2267 urbe
1144 2231 1307 2267 meos.

128 2293 295 2409 ”nilne
325 2303 426 2356 ego
457 2292 509 2339 te
539 2285 749 2339 videam
780 2302 940 2338 causa
969 2284 1211 2354 graviore
1243 2284 1505 2354 fugatum,

241 2374 334 2411 aec
363 2364 486 2410 sunt
514 2375 547 2411 a
576 2355 758 2428 primis
788 2356 1029 2427 proxima
1058 2365 1182 2409 vota
1211 2355 1359 2408 meis.

60 2519 110 2537 x
925 2468 1031 2522 1x.

26 2632 27 2637 Ἰ
129 2567 188 2622 Ο
219 2577 310 2623 tua
340 2569 384 2624 si
414 2569 611 2624 sineres
640 2569 696 2623 in
725 2568 915 2622 nostris
946 2568 1161 2621 nomina
1190 2568 1315 2639 poni

203 2640 548 2704 carminibus,
578 2640 780 2711 positus
811 2658 971 2709 quam
1002 2639 1130 2692 mihi
1161 2658 1318 2710 saepe
1349 2638 1513 2693 foresl

129 2719 185 2764 te
215 2728 457 2765 canerem
488 2711 682 2774 solum,
712 2711 884 2764 meriti
914 2729 1138 2774 memor,
1169 2711 1329 2780 inque
1359 2710 1549 2764 libellis

80 2839 98 2846 μὴ
203 2782 454 2836 crevisset
485 2781 596 2835 sine
627 2790 678 2836 te
707 2781 905 2852 pagina
933 2782 1079 2834 nulla
1108 2782 1255 2835 meis·

129 2852 260 2921 quid
289 2853 388 2906 tibi
418 2851 688 2916 deberem,
721 2862 832 2904 tota
863 2851 1084 2905 sciretur
1112 2851 1168 2904 in
1196 2851 1353 2906 urbe:
1874 2870 1899 2909 5

204 2924 325 2977 exul
354 2923 410 2976 in
440 2923 633 2976 amissa
662 2923 707 2976 si
737 2931 914 2976 tamen
943 2922 1076 2975 urbe
1106 2922 1268 2992 legar.
1372 2931 1375 2933 ’

133 3001 186 3047 te
216 3013 466 3066 praesens
495 2994 701 3057 mitem,
733 3002 785 3047 te
813 3002 992 3046 nosset
1023 2993 1186 3046 serior
1216 3002 1377 3056 aetas,

205 3066 398 3136 scripta
427 3074 745 3119 vetustatem
775 3065 820 3118 si
849 3064 1005 3117 modo
1035 3072 1215 3117 nostra
1245 3063 1439 3128 ferant3

132 3153 231 3189 nec
260 3136 355 3189 tibi
386 3146 615 3190 cessaret
645 3135 830 3189 doctus
859 3136 995 3190 bene
1026 3135 1197 3189 dicere
1227 3135 1407 3188 lector.

204 3205 290 3260 hic
319 3215 370 3261 te
402 3216 607 3261 servato
638 3216 759 3261 vate
789 3215 1026 3261 maneret
1055 3206 1238 3259 honor.
1877 3225 1928 3263 10

133 3273 379 3331 Caesaris
409 3287 489 3332 est
517 3278 746 3350 primum
775 3297 993 3341 munuS,
1025 3277 1170 3346 quod
1199 3275 1441 3330 ducimus
1473 3295 1652 3330 auras:

205 3348 375 3418 gratia
404 3358 524 3419 post
552 3367 773 3421 magnos
804 3359 883 3403 est
912 3349 1008 3402 tibi
1037 3347 1283 3402 habenda
1314 3348 1457 3402 deos·

94 3440 99 3443 ·
133 3415 224 3471 ille
253 3418 398 3472 dedit
427 3420 613 3474 vitam:
644 3430 728 3484 tu,
760 3438 921 3490 quam
951 3420 1095 3474 dedit
1123 3420 1232 3483 ille,
1263 3419 1425 3473 tueris

146 3514 150 3519 ·
208 3497 260 3541 et
288 3488 418 3542 facis
451 3500 664 3562 accepto
694 3510 911 3546 munere
941 3509 1094 3563 posse
1124 3490 1245 3543 frui.

225 3570 333 3607 ovidio·
351 3571 412 3607 vol.
431 3572 498 3607 ΙΙΙ.
1507 3575 1562 3618 13
