2158 3906
511 364 825 413 Tms'rmM
853 365 975 410 ΜΒ.
1005 365 1088 412 1v.
1118 366 1159 423 1,
1190 366 1366 423 71—11,
1396 367 1466 412 50.

138 469 380 537 donaque
412 467 701 521 amicorum
732 467 939 537 templis
971 467 1228 537 promissa
1257 468 1478 522 deorum

156 542 170 556 ‘
209 539 436 609 redderet
458 538 684 592 victores
717 536 916 592 Caesar
946 547 1165 606 uterque
1196 549 1398 609 parent,

139 619 192 666 et
221 610 311 679 qui
343 607 607 662 Caesareo
636 608 854 663 iuvenes
886 608 986 661 sub
1017 609 1227 663 nomine
1258 619 1515 672 crescunt,

207 689 463 752 perpetuo
493 688 658 733 terras
688 688 748 732 ut
779 679 966 732 domus
996 678 1085 732 illa
1114 690 1286 734 reorat:

138 769 364 820 cumque
395 749 547 804 bonis
577 749 798 803 nuribus
828 768 923 820 pro
955 751 1152 820 sospite
1171 727 1340 806 ἷὶνία
1369 762 1493 806 nato

207 840 426 876 munera
456 821 545 875 det
574 821 797 884 meritis,
829 840 987 891 saepe
1018 821 1230 885 datura,
1261 822 1392 887 deis,

137 901 190 948 et
217 892 413 964 pariter
441 901 658 955 matres,
690 901 741 946 et
771 909 907 961 quae
939 892 1052 946 sine
1083 893 1300 948 crimine
1331 903 1503 948 castos

206 972 461 1035 perpetua
491 973 702 1017 servant
732 962 1034 1033 virginitate
1064 963 1234 1018 focos:

135 1034 285 1107 plebs
315 1035 403 1105 pia
433 1052 659 1103 cumque
689 1034 778 1104 pia
806 1035 1030 1088 laetetur
1058 1034 1214 1105 plebe
1244 1046 1474 1098 senatuS,

44 1142 53 1170 4
205 1123 475 1176 parvaque
507 1105 655 1158 cuius
687 1123 830 1158 eram
860 1124 982 1175 pars
1012 1124 1112 1176 ego
1142 1125 1335 1176 nuper,
1367 1125 1544 1175 equeS.

51 1183 55 1227 .’
133 1194 231 1229 nos
261 1176 444 1247 procul
475 1177 722 1246 expulsos
753 1176 1052 1229 communia
1080 1177 1278 1245 gaudia
1307 1177 1513 1239 fallunt,

206 1247 454 1316 famaque
484 1257 589 1299 tam
621 1247 778 1317 longe
808 1265 913 1299 non
943 1246 1044 1298 nisi
1074 1265 1239 1316 parva
1268 1248 1427 1300 venit.

134 1335 262 1389 ergo
293 1318 462 1377 omnis
491 1318 719 1388 populus
749 1317 939 1386 poterit
968 1326 1204 1398 spectare
1236 1317 1527 1388 triumphos

206 1406 432 1458 cumque
464 1389 659 1442 ducum
689 1388 851 1440 titulis
881 1387 1077 1470 oppida
1107 1398 1261 1457 capta
1290 1388 1448 1458 leget,

7 1516 10 1526 ⁶
52 1458 57 1463 ”
133 1459 412 1528 vinclaque
444 1459 653 1530 captiva
681 1476 833 1528 reges
866 1476 1068 1512 cervice
1097 1467 1340 1528 gerentes

205 1539 325 1584 ante
356 1538 630 1587 coronatos
660 1528 736 1583 ire
766 1528 967 1582 videbit
996 1546 1178 1598 equos,

133 1609 186 1656 et
215 1609 394 1655 cernet
422 1600 599 1654 vultus
631 1599 746 1653 aliis
775 1618 872 1670 pro
902 1609 1137 1670 tempore
1167 1618 1364 1663 versos,

202 1671 457 1726 terribiles
488 1671 603 1725 aliis
632 1670 1054 1740 inmemoresque
1084 1670 1183 1724 sui.

131 1760 355 1813 quorum
386 1760 508 1814 pars
539 1759 725 1796 causas
757 1751 809 1796 et
838 1760 922 1796 res
953 1753 1005 1795 et
1034 1742 1248 1796 nomina
1276 1752 1518 1811 quaeret3

202 1832 324 1885 pars
354 1812 570 1876 referet,
602 1813 845 1883 quamvis
874 1814 1077 1867 noverit
1107 1813 1223 1883 ipsa
1253 1832 1463 1884 parum:

133 1884 265 1947 ‘hic,
295 1885 388 1954 qui
418 1882 638 1939 Sidonio
666 1883 838 1955 fulget
868 1884 1106 1938 sublimis
1136 1884 1191 1938 in
1221 1899 1380 1947 ostr0,

203 1955 311 2009 dux
341 1955 516 2010 fuerat
544 1955 685 2009 belli.
759 1955 1031 2026 proximus
1061 1955 1148 2009 ille
1179 1955 1317 2009 duci.

130 2026 241 2090 hic,
273 2026 365 2096 qui
393 2044 536 2080 nunc
564 2026 619 2080 in
648 2026 809 2080 humo
838 2026 1018 2080 lumen
1048 2026 1346 2080 miserabile
1377 2027 1510 2098 figit,

59 2103 62 2106 “
200 2115 308 2162 non
336 2097 437 2151 isto
467 2097 642 2160 vultu,
673 2115 795 2151 cum
825 2097 944 2151 tulit
973 2117 1144 2160 arma,
1176 2098 1291 2150 fuit.

130 2167 217 2222 ille
247 2168 398 2222 ferox
428 2177 480 2223 et
510 2167 682 2222 adhuc
713 2168 877 2221 oculis
908 2168 1184 2221 hostilibus
1216 2168 1405 2222 ardens

202 2238 438 2292 hortator
465 2258 678 2311 pugnae
710 2239 1091 2307 consiliumque
1121 2239 1237 2291 fuit.

129 2310 362 2380 perfidus
391 2309 478 2364 hic
506 2320 712 2363 nostros
742 2310 954 2363 inclusit
983 2310 1169 2364 fraude
1199 2311 1453 2374 locorum,

201 2381 440 2451 squalida
468 2381 737 2452 promissis
768 2381 859 2449 qui
889 2381 1019 2451 tegit
1050 2399 1141 2433 ora
1171 2382 1350 2434 comis.

129 2450 243 2515 illo,
274 2451 365 2521 qui
395 2452 652 2521 sequitur,
684 2452 864 2505 dicunt
895 2462 1122 2505 mactata
1150 2452 1386 2505 ministro

202 2541 357 2594 saepe
386 2524 651 2577 recusanti
681 2541 903 2594 corpora
933 2535 1086 2594 capta
1117 2523 1233 2576 deo.

130 2590 215 2646 hic
243 2593 414 2657 lacus,
445 2594 500 2647 hi
529 2603 756 2658 monteS,
789 2594 920 2647 haec
950 2605 1025 2647 tot
1057 2595 1294 2657 castella,
1326 2604 1403 2648 tot
1433 2615 1615 2650 amnes

201 2664 358 2735 plena
386 2665 528 2718 ferae
558 2665 760 2728 caedis,
790 2665 946 2736 plena
977 2666 1175 2719 cruoris
1207 2678 1371 2719 erant.

130 2733 341 2793 Drusus
369 2735 424 2788 in
453 2735 534 2788 his
565 2736 754 2789 meruit
785 2736 1054 2804 quondam
1085 2737 1401 2806 cognomina
1430 2737 1596 2799 terriS,

200 2823 335 2876 quae
367 2806 507 2859 bona
534 2806 839 2876 progeniem
871 2807 1032 2876 digna
1061 2817 1300 2877 parente,
1331 2808 1465 2860 tulit.

131 2876 375 2930 cornibus
405 2876 490 2930 hic
519 2877 723 2939 fractis,
754 2876 907 2929 viridi
937 2877 1074 2930 male
1103 2886 1274 2931 tectus
1305 2878 1373 2931 ab
1404 2879 1544 2940 ulva,

147 2998 150 3001 Α
201 2947 413 3002 decolor
440 2947 555 3018 ipse
586 2965 682 3000 suo
714 2947 970 3017 sanguine
1001 2947 1219 3001 Rhenus
1251 2958 1378 3001 erat.

131 3018 360 3072 crinibus
391 3037 458 3072 en
487 3018 646 3072 etiam
675 3018 842 3071 fertur
874 3016 1164 3072 Germania
1192 3019 1379 3088 passis,

200 3098 252 3142 et
281 3089 429 3143 ducis
458 3088 641 3142 invicti
671 3089 770 3142 sub
799 3089 933 3159 pede
963 3099 1164 3142 maesta
1195 3090 1358 3152 sedet,

130 3159 367 3230 collaque
396 3159 668 3214 Romanae
697 3160 956 3231 praebens
987 3160 1222 3213 animosa
1252 3160 1422 3214 securi

201 3230 409 3285 vincula
437 3230 540 3285 fert
568 3232 682 3294 illa,
712 3248 819 3301 qua
847 3231 966 3283 tulit
995 3250 1166 3293 arma,
1194 3231 1390 3285 manu.’

44 3344 50 3348 <
130 3298 226 3354 hos
256 3319 413 3372 super
440 3301 495 3355 in
514 3320 706 3364 curru,
739 3300 961 3364 Caesar,
993 3301 1189 3355 victore
1219 3302 1425 3356 veheris

201 3389 496 3442 purpureus
525 3373 708 3444 populi
736 3373 832 3427 rite
861 3391 956 3443 per
985 3391 1077 3426 ora
1105 3373 1207 3426 tui:

131 3457 340 3510 quaque
368 3442 492 3505 ibis,
522 3444 766 3497 manibus
796 3443 1245 3514 circumplaudere
1276 3457 1504 3507 tuorum,

201 3511 435 3582 undique
463 3513 656 3568 iactato
686 3515 813 3570 flore
843 3523 1054 3585 tegente
1083 3514 1213 3569 vias.

1743 354 1847 408 169

1878 698 1937 738 10

1877 1053 1932 1094 15

1874 1406 1933 1446 20

1871 2115 1930 2156 30

1869 2472 1926 2511 35

1865 2828 1924 2866 40

1864 3182 1922 3219 45

1865 3534 1924 3572 50
