2158 3906
320 321 423 375 168
877 327 932 369 Ρ.
967 325 1173 370 OVIDII
1203 323 1474 370 NASONIS

324 452 510 503 aspera
540 428 801 482 militiae
786 427 991 479 luvenis
1024 426 1311 479 certamina
1339 426 1474 495 fugi,

394 521 491 555 nec
521 501 620 552 nisi
650 501 830 551 lusura
859 498 1120 550 movimus
1151 516 1297 549 arma
1326 515 1511 548 manu:

323 591 464 627 nunc
495 571 668 624 senior
697 569 981 638 gladioque
1011 569 1148 620 latus
1180 576 1435 636 scutoque
1468 566 1749 631 sinist-ram,

398 642 642 696 canitiem
671 639 856 709 galeae
889 639 1197 707 subicioque
1227 657 1417 691 meam.
1748 700 1751 702 ‚

242 733 294 773 75
326 733 450 768 nam
482 711 625 764 dedit
656 729 684 763 e
715 710 931 779 specula
960 718 1135 762 custos
1165 710 1259 761 ubi
1290 709 1442 779 signa
1470 708 1746 771 tumultus,

395 782 665 835 induimus
696 780 900 850 trepida
929 781 1166 850 protinus
1199 799 1346 831 arma
1374 799 1552 831 manu,

325 854 515 915 hostis,
547 852 749 904 habens
782 869 935 904 arcus
965 851 1273 918 imbutaque
1304 851 1410 903 tela
1439 849 1673 913 veneniS,

397 943 585 977 saevus
617 922 883 975 anhelanti
912 923 1121 975 moenia
1149 922 1336 973 lustrat
1366 938 1519 989 equo,

325 1004 488 1063 utque
519 1013 685 1063 rapax
714 993 997 1062 pecudem,
1029 1011 1166 1061 quae
1195 1010 1303 1044 non
1333 1011 1390 1045 se
1420 992 1550 1044 texit
1579 991 1722 1053 ovili,

241 1085 296 1125 80
398 1085 492 1136 per
523 1074 659 1127 sata,
690 1083 785 1134 per
816 1063 974 1116 silvas
1003 1062 1209 1132 fertque
1238 1062 1501 1131 trahitque
1530 1062 1711 1131 lupus:

328 1137 428 1199 sic,
461 1137 503 1189 si
534 1154 692 1204 quem
722 1135 959 1217 nondum
987 1144 1258 1216 portarum
1289 1152 1446 1202 saepe
1476 1141 1747 1202 receptum

398 1207 698 1260 barbarus'
684 1226 740 1258 1n
771 1205 971 1276 campis
1000 1205 1230 1275 repperit
1259 1204 1449 1266 hostiS,
1481 1203 1606 1274 agit.

328 1288 420 1333 aut
452 1278 687 1346 sequitur
717 1286 902 1346 captus
933 1277 1274 1345 coniectaque
1304 1275 1516 1328 vincula
1545 1274 1678 1327 collo

402 1349 615 1418 accipit,
648 1357 739 1400 aut
768 1349 872 1401 telo
903 1347 1046 1400 virus
1078 1347 1306 1400 habente
1337 1346 1487 1416 pelit.

244 1437 297 1479 85
329 1421 414 1474 hic
446 1438 545 1490 ego
575 1419 874 1501 sollicitae
860 1436 1006 1472 1aceo
1037 1437 1206 1470 novus
1237 1418 1409 1470 incola
1439 1416 1595 1469 sedis.

401 1492 506 1543 heu
536 1489 757 1542 nimium
787 1489 882 1541 fati
913 1499 1151 1559 tempora
1180 1490 1323 1542 lenta
1350 1487 1477 1541 mei!

331 1572 382 1616 et
413 1572 588 1614 tamen
621 1561 688 1642 ad
718 1578 965 1613 numeros
996 1560 1317 1628 antiquaque
1348 1577 1498 1611 sacra
1526 1556 1718 1610 reverti

403 1633 622 1685 sustinet
651 1631 706 1683 in
736 1631 893 1683 tantis
923 1631 1131 1700 hospita
1158 1631 1323 1683 Musa
1352 1628 1527 1682 malis!

296 1704 424 1757 -sed
440 1721 611 1771 neque
629 1702 714 1755 cui
736 1702 966 1764 recitem,
991 1702 1270 1769 quisquam
1293 1710 1388 1762 est,
1411 1718 1531 1752 mea
1554 1698 1803 1761 carmina,
1827 1716 1925 1752 nec
1946 1697 2048 1766 qui

247 1793 300 1832 90
403 1774 618 1826 auribus
650 1773 872 1842 accipiat
901 1773 1063 1825 verba
1093 1772 1289 1824 Latina
1319 1771 1443 1823 suis.

329 1846 440 1915 ipse
470 1844 599 1895 mihi
626 1874 699 1880 —-
728 1843 856 1910 quid
887 1844 1026 1896 enim
1056 1843 1280 1895 faciam?
1308 1872 1380 1879 ——
1411 1842 1687 1908 scriboque
1718 1840 1963 1909 legoque,

402 1925 622 1983 tutaque
652 1914 848 1966 iudicio
878 1914 1051 1967 littela
1079 1922 1259 1965 nostra
1289 1930 1384 1965 suo
1415 1922 1509 1964 est.

332 2005 488 2056 saepe
518 1995 695 2037 tamen
726 1984 879 2036 dixi‘
890 1984 975 2037 cui
1004 2002 1144 2036 nunc
1174 1983 1306 2036 haec
1337 2001 1464 2036 cura
1491 1982 1727 2035 laborat?

403 2076 470 2108 an
499 2075 619 2108 mea
651 2055 997 2109 Sauromatae
1029 2055 1222 2124 scripta
1254 2053 1533 2122 Getaeque
1562 2052 1794 2123 legent?'

246 2145 299 2184 95
333 2146 489 2197 saepe
522 2126 681 2180 etiam
710 2126 957 2179 lacrimae
986 2145 1072 2179 me
1103 2134 1226 2178 sunt
1257 2125 1514 2178 scribente
1544 2124 1809 2195 profusae,

402 2198 688 2264 umidaque
720 2206 799 2250 est
828 2197 956 2250 fletu
985 2197 1158 2250 littera
1187 2196 1330 2249 facta
1358 2213 1494 2249 meo·

332 2287 526 2337 corque
558 2276 766 2321 vetusta
794 2287 999 2331 meum,
1030 2278 1300 2336 tamquam
1329 2284 1492 2330 nova,
1526 2266 1746 2319 vulnera
1774 2264 1938 2328 novit,

402 2340 563 2408 inque
595 2339 770 2391 sinum
800 2349 1032 2420 maestae
1064 2339 1259 2391 labitur
1288 2338 1458 2390 imber
1488 2354 1674 2404 aquae.

334 2428 453 2463 cum
485 2411 599 2463 vice
630 2419 832 2462 mutata
863 2410 954 2478 qui
985 2410 1083 2461 sim
1112 2409 1435 2476 fuerimque,
1465 2407 1711 2460 recordor

220 2500 302 2539 100
406 2491 477 2542 et,
508 2480 684 2533 tulerit
716 2498 820 2548 quo
850 2500 935 2533 me
966 2498 1119 2532 casus
1151 2489 1202 2532 et
1231 2480 1399 2542 unde,
1431 2478 1595 2530 subit.

333 2571 490 2620 saepe
522 2570 708 2603 manus
740 2552 980 2613 demens,
1013 2550 1198 2602 studiis
1227 2550 1361 2602 irata
1392 2550 1613 2616 sibique,

405 2623 545 2674 misit
575 2622 629 2673 in
660 2640 869 2674 arsuros
900 2622 1133 2674 carmina
1162 2631 1341 2673 nostra
1370 2620 1532 2673 focos.

333 2702 490 2761 atque
523 2712 584 2746 ea
615 2692 680 2774 de
710 2692 888 2744 multis
920 2693 1168 2774 quoniam
1199 2711 1305 2744 non
1334 2692 1502 2743 multa
1535 2697 1832 2760 supersunt,

405 2782 524 2816 cum
555 2763 710 2816 venia
739 2763 923 2824 facito,
955 2763 1194 2831 quisquis
1227 2782 1306 2825 es,
1337 2762 1440 2814 ista
1468 2761 1638 2831 legas!

220 2852 300 2892 105
333 2844 391 2888 tu
422 2853 631 2902 quoque
662 2853 769 2886 non
800 2835 1003 2896 melius,
1035 2852 1193 2902 quam
1226 2843 1348 2885 sunt
1379 2852 1497 2885 mea
1523 2842 1777 2902 tempora,
1811 2847 2041 2893 carmen,

402 2906 679 2958 interdicta
708 2905 860 2967 mihi,
894 2906 1130 2967 consule,
1162 2905 1359 2966 Roma,
1390 2903 1538 2956 boni!
2150 2834 2158 2992 Ι

1146 3017 1221 3069 ΙΙ.

330 3118 447 3170 Iam
477 3117 591 3170 seia
623 3116 942 3170 Caesaribus
976 3115 1287 3178 Germania,
1319 3124 1460 3167 totus
1490 3122 1549 3167 ut
1579 3113 1739 3176 orbiS,

301 3195 304 3199 '
400 3189 540 3241 victa
570 3198 718 3257 potes
749 3189 885 3240 flexo
918 3188 1258 3239 succubuisse
1289 3205 1447 3255 genu,

331 3259 542 3326 altaque
573 3260 812 3311 velentur
842 3258 1065 3309 fortasse
1095 3257 1304 3308 Palatia
1335 3256 1502 3316 scitis,

400 3339 623 3396 turaque
652 3329 706 3379 in
736 3329 859 3396 igne
891 3337 1076 3379 sonent
1106 3327 1442 3393 inficiantque
1474 3326 1631 3388 diem,
2016 3369 2019 3374 .

274 3417 299 3457 5
333 3400 660 3466 candidaque
692 3399 919 3450 adducta
950 3398 1142 3450 collum
1174 3415 1423 3466 percussa
1454 3396 1624 3448 securi
2144 3373 2158 3517 ᾖ

402 3470 614 3522 victima
644 3487 908 3539 purpureo
942 3467 1199 3538 sanguine
1231 3468 1437 3537 tinguat
1468 3466 1717 3519 humum:
1994 3472 2005 3490 ²
2030 3476 2033 3480 ⁴
