2158 3906
555 327 903 374 FASTORUM
932 325 1054 370 LIB.
1086 325 1173 370 111.
1206 326 1418 371 81—166.

139 450 233 492 seu
262 430 406 516 quod
435 429 672 498 adusque
704 430 886 483 decem
915 446 1135 481 numero
1166 436 1433 482 crescente
1464 426 1693 480 venitur:

245 501 523 573 nncipium
555 499 735 570 spatiis
767 499 990 552 sumitur
1019 499 1140 552 inde
1170 498 1338 551 novis.

138 576 191 630 in
231 594 260 629 e
288 583 463 645 patres
495 580 706 625 centum
739 570 901 624 denos
933 570 1156 623 secrevit
1185 569 1239 622 in
1269 569 1423 623 orbes

208 644 490 706 Romulae,
520 642 754 694 hastatos
784 640 1114 709 instituitque
1145 641 1348 703 decem3

0 750 3 780 ;
140 725 193 772 et
221 714 438 770 totidem
505 713 738 783 rinceps,
769 712 987 765 totidem
1017 712 1224 781 pilanus
1255 711 1486 765 habebat

0 788 4 855 ἰ
209 803 450 857 corpora,
502 783 716 855 egitimo
747 783 944 852 quique
977 783 1211 836 merebat
1242 800 1396 851 equo·

137 857 265 929 quin
294 856 450 910 etiam
480 864 657 925 partes
687 854 905 907 totidem
935 853 1259 907 Titiensibus
1289 854 1394 917 ille,

0 947 4 991 ε
208 945 445 998 quosque
475 934 667 980 vocant
696 925 953 988 Ramnes,
984 924 1389 993 Luceribusque
1420 923 1582 978 dedit.

65 1022 74 1037 ³
137 998 382 1054 adsuetos
412 997 574 1068 igitur
602 1014 848 1049 numeros
881 995 1110 1049 servavit
1138 995 1192 1047 in
1222 1014 1377 1048 anno.

0 1122 1 1139 ἶ
207 1071 307 1124 hoc
336 1069 484 1140 luget
515 1067 682 1138 spatio
712 1067 909 1119 femina
938 1076 1140 1119 maesta
1168 1065 1357 1118 virum.
1387 1096 1460 1104 -—

0 1159 6 1216 J
50 1139 66 1177 5·
134 1160 239 1196 neu
271 1140 504 1202 dubites,
534 1138 735 1209 primae
764 1138 958 1191 fuerint
989 1137 1116 1205 quin
1147 1146 1268 1189 ante
1299 1136 1578 1190 Kalendae

62 1214 81 1269 ’,-
206 1211 422 1273 Martis,
455 1209 523 1263 ad
552 1209 684 1263 haec
714 1209 950 1261 animum
981 1208 1132 1277 signa
1161 1207 1355 1260 referre
1386 1216 1554 1277 potes.

5 1315 6 1318 =
135 1282 339 1346 laurea,
369 1279 670 1334 flaminibus
700 1297 836 1348 quae
867 1287 975 1331 toto
1005 1277 1229 1347 perstitit
1260 1295 1417 1339 anno,

207 1351 428 1415 tollitur,
461 1358 513 1404 et
542 1349 756 1403 frondes
789 1358 910 1402 sunt
939 1348 992 1401 in
1024 1348 1221 1401 honore
1252 1366 1439 1401 novae.

136 1423 295 1479 ianua
323 1432 450 1477 tunc
479 1421 619 1492 regis
649 1420 822 1491 posita
851 1420 985 1473 viret
1015 1418 1201 1472 arbore
1231 1418 1463 1472 Phoebi:

209 1503 328 1549 ante
357 1502 475 1548 tuas
504 1492 564 1545 fit
593 1491 760 1553 idem,
792 1491 938 1544 curia
966 1491 1164 1561 prisca,
1195 1490 1352 1543 fores.

137 1565 303 1622 Vesta
331 1580 541 1635 quoque
571 1571 629 1617 ut
659 1562 786 1615 folio
817 1561 982 1615 niteat
1012 1561 1187 1615 velata
1216 1561 1431 1624 recenti,

209 1635 344 1692 cedit
375 1635 442 1689 ab
472 1634 648 1688 Iliacis
678 1634 859 1687 laurea
889 1651 1022 1686 cana
1050 1632 1199 1686 focis.

138 1705 471 1777 adde,·quod
501 1723 693 1760 arcana
723 1704 836 1758 fieri
865 1722 1035 1757 novus
1065 1703 1203 1774 ignis
1235 1703 1288 1756 in
1319 1703 1449 1757 acde

209 1778 421 1842 dicitur,
453 1786 505 1831 et
534 1776 671 1831 vires
702 1776 915 1829 flamma
944 1775 1142 1828 refecta
1172 1775 1329 1846 capit.

136 1868 234 1904 nce
265 1849 392 1902 mihi
421 1866 587 1920 parva
614 1847 771 1910 fides,
802 1864 967 1899 annos
998 1845 1121 1899 hinc
1151 1846 1254 1899 isse
1286 1846 1504 1916 priores,

207 1921 371 1973 Anna
399 1919 543 1989 quod
571 1918 672 1972 hoc
702 1927 890 1988 coepta
920 1926 999 1971 est
1029 1936 1209 1970 mense
1241 1917 1486 1970 Perenna
1518 1916 1637 1970 coli.

137 1991 261 2046 hinc
292 1991 450 2045 etiam
479 1992 695 2044 veteres*
713 1989 828 2041 initi
858 1998 1216 2042 memorantur
1245 1988 1471 2041 honores

210 2062 278 2115 ad
309 2062 535 2132 spatium
564 2060 712 2122 belli,
743 2059 940 2130 perfide
970 2059 1175 2120 Poene,
1207 2059 1300 2111 tui.

139 2133 367 2202 denique
398 2131 612 2201 quintus
643 2131 710 2183 ab
742 2131 842 2183 hoc
872 2130 1045 2183 fuerat
1076 2129 1351 2196 Quintilis,
1383 2139 1435 2183 et
1464 2129 1587 2183 inde

208 2203 417 2274 incipit,
449 2222 481 2256 a
509 2220 730 2255 numero
758 2201 973 2254 nomina
1003 2201 1241 2269 quisquis
1273 2200 1449 2254 habet.

135 2275 362 2347 primus,
394 2273 643 2327 oliviferis
674 2273 901 2326 Romam
933 2272 1188 2325 deductus
1220 2271 1288 2324 ab
1319 2271 1474 2332 arvis,

207 2344 503 2415 Pompilius
533 2363 739 2398 menses
772 2343 933 2397 sensit
963 2343 1148 2396 abesse
1180 2343 1335 2395 duos:

139 2417 249 2471 sive
278 2415 379 2469 hoc
409 2434 440 2468 a
472 2414 653 2469 Samio
685 2415 896 2477 doctus,
927 2414 1018 2482 qui
1048 2431 1202 2483 posse
1232 2413 1438 2467 renasci

9 2502 10 2506 ’
54 2515 84 2526 1-
207 2505 303 2540 nos
333 2494 508 2558 putat,
538 2485 737 2556 Egeria
767 2485 877 2538 sive
908 2495 1153 2538 monente
1184 2503 1298 2537 sua.

139 2559 232 2613 sed
261 2567 437 2612 tamen
467 2557 712 2611 errabant
741 2556 1043 2610 etiamnunc
1074 2565 1336 2626 tempora,
1368 2555 1536 2609 donec

211 2627 454 2683 Caesaris
485 2629 540 2682 in
569 2628 747 2681 multis
778 2627 909 2681 haec
939 2645 1151 2696 quoque
1182 2645 1310 2679 cura
1339 2626 1457 2679 fnit.

137 2707 243 2755 nen
272 2700 403 2754 haec
432 2699 519 2753 ille
550 2699 680 2752 deus
711 2707 993 2766 tantaeque
1023 2698 1328 2768 propaginis
1361 2707 1546 2750 auctor

210 2770 429 2825 credidit
458 2770 649 2824 officiis
676 2788 790 2824 esse
819 2769 1024 2822 minora
1055 2769 1181 2832 suiS,

137 2842 558 2915 promissumque
590 2840 690 2894 sibi
718 2840 885 2893 voluit
913 2858 1260 2910 praenoscere
1291 2839 1499 2893 caelum

208 2930 306 2967 nec
338 2912 468 2966 deus
497 2912 704 2982 ignotas
734 2911 926 2981 hospes
956 2911 1087 2964 inire
1118 2910 1319 2963 domos.

137 2983 225 3038 ille
254 2999 428 3037 moras
459 2983 607 3046 soliS,
637 2982 831 3051 quibus
860 2982 915 3034 in
946 3000 1042 3035 sua
1072 2982 1225 3051 signa
1253 2980 1462 3042 rediret,

44 3099 66 3114 f-
210 3055 435 3109 traditur
464 3054 660 3108 exactis
692 3053 1011 3123 disposuisse
1041 3053 1194 3105 notis.

83 3165 86 3169 Δ
139 3124 185 3179 is
215 3126 388 3180 decies
417 3143 572 3180 senos
601 3134 893 3179 tercentum
924 3133 977 3178 et
1006 3123 1241 3193 quinque
1272 3122 1458 3176 diebus

210 3190 380 3250 iunxit
409 3205 462 3250 et
492 3214 521 3250 e
550 3195 707 3267 pleno
736 3204 974 3266 tempora
1004 3204 1192 3263 quarta
1222 3194 1323 3246 die.

139 3266 225 3321 hic
253 3268 378 3322 anni
403 3267 592 3320 modus
623 3276 717 3320 est.
790 3266 846 3319 in
874 3267 1098 3319 lustrum
1129 3265 1379 3318 accedere
1411 3263 1586 3328 debet,

211 3355 347 3409 quae
377 3341 771 3394 consummatur
800 3337 1038 3408 partibus
1048 3376 1063 3401 ‚
1093 3355 1200 3389 una
1230 3336 1358 3389 dies·

1771 314 1837 367 41

1877 444 1962 482 125

1878 799 1964 837 130

1878 1154 1962 1192 135

1879 1508 1964 1547 140

1879 1864 1963 1902 145>

1879 2219 1965 2258 150

1879 2573 1964 2611 155

1879 2927 1965 2966 160

1879 3283 1963 3321 165
