2158 3906
500 312 814 360 TmsrmM
843 312 965 358 LIB.
998 313 1084 358 111.
1116 314 1178 370 x,
1210 312 1408 370 17—-X1‚
1438 312 1509 358 24.
1758 302 1859 356 161

155 431 276 491 pars
305 414 481 498 agitur
510 415 698 468 vinctis
731 424 847 485 post
878 425 1084 484 tergum
1116 424 1270 485 capta
1299 414 1526 479 lacertis,

224 485 508 558 resplciens
539 486 736 538 frustra
764 505 888 538 rura
918 485 1221 555 Laremque
1253 505 1431 538 suum:

154 577 274 631 pars
306 556 446 611 cadit
475 555 699 609 hamatis
730 556 918 609 misere
950 557 1157 609 confixa
1187 556 1417 626 sagittis3

224 647 347 682 nam
377 626 577 680 volucri
609 627 747 680 ferro
779 627 977 681 tinctile
1009 628 1151 680 virus
1181 627 1331 680 inest.

150 718 290 771 quae
319 706 588 767 nequeunt
619 716 800 751 secum
829 697 966 751 ferre
997 708 1087 750 aut
1118 698 1404 762 abducere,
1436 698 1679 770 perdunt,
1892 714 1947 755 65

225 780 277 824 et
307 779 503 823 cremat
534 769 767 822 insontes
797 768 1001 822 hostica
1030 770 1243 822 flamma
1273 788 1439 822 casas,

153 851 280 895 tunc
309 857 546 909 quoque,
577 855 699 894 cum
729 858 835 910 pax
865 850 969 903 est,
1000 840 1265 910 trepidant
1292 840 1572 895 formidine
1606 841 1745 903 belli,

182 971 184 973 .
223 930 322 966 neo
352 909 632 980 quisquam
661 929 843 981 presso
874 930 1086 964 vomere
1117 911 1286 965 sulcat
1314 911 1551 964 humum.

150 991 245 1038 aut
274 982 442 1044 videt,
473 991 565 1036 aut
593 982 782 1036 metuit
809 983 956 1036 locus
986 981 1072 1036 hic
1101 999 1262 1051 quem
1291 1001 1399 1036 non
1428 982 1572 1036 videt
1600 982 1830 1037 hostem:

224 1061 395 1108 cessat
422 1052 562 1107 iners
591 1052 762 1123 rigido
792 1062 931 1107 terra
960 1052 1141 1107 relicta
1170 1053 1288 1106 situ.
1892 1071 1947 1111 70

120 1123 124 1127 ⁴
150 1143 258 1180 non
288 1124 374 1178 hic
403 1123 685 1195 pampinea
715 1124 884 1177 dulcis
914 1124 1039 1178 latet
1069 1143 1174 1177 uva
1204 1124 1304 1177 sub
1334 1125 1539 1188 umbra,

223 1214 321 1250 nec
351 1195 621 1249 cumulant
651 1195 782 1248 altos
811 1195 1017 1249 fervida
1046 1204 1220 1247 musta
1249 1195 1413 1247 lacus.

151 1285 312 1338 poma
340 1274 501 1337 negat
531 1265 700 1336 regio:
731 1283 830 1319 nec
859 1265 1079 1319 haberet
1109 1265 1395 1327 Acontius,
1426 1265 1481 1318 in
1511 1283 1617 1335 quo

225 1337 474 1393 scriberet
503 1335 590 1390 hic
621 1336 863 1390 dominae
894 1336 1057 1390 verba
1085 1335 1313 1406 legenda
1342 1355 1487 1389 suae.

147 1427 210 1462 as
250 1408 414 1462 iceres
444 1408 615 1460 nudos
646 1407 756 1461 sine
786 1406 998 1469 fronde,
1030 1406 1141 1459 sine
1172 1406 1359 1459 arbore
1391 1424 1630 1477 camposz
1894 1423 1947 1463 75

11 1542 13 1551 1
261 1497 328 1533 eu
357 1479 473 1532 loca
502 1477 643 1532 felici
671 1495 780 1531 non
810 1477 1054 1531 adeunda
1084 1475 1222 1530 virol

11 1554 14 1603 ζ
63 1593 73 1603 ,4
146 1568 181 1604 e
247 1567 278 1603 o
309 1558 417 1602 tam
446 1549 550 1602 late
582 1557 760 1619 pateat
790 1566 911 1602 cum
942 1547 1204 1600 maximus
1234 1548 1393 1610 orbi&

259 1637 352 1674 aec
382 1628 461 1673 est
489 1618 542 1671 in
574 1636 801 1689 poenam
830 1621 971 1673 terra
1000 1630 1209 1689 reperta
1239 1620 1445 1673 meam?

947 1730 1052 1784 XI.

146 1831 407 1902 Quisquis
437 1850 519 1896 es,
550 1831 771 1885 insultes
802 1831 895 1900 qui
925 1831 1158 1894 casibus,
1189 1831 1454 1902 improbe,
1485 1833 1694 1897 nostris,

221 1921 410 1972 meque
439 1921 589 1957 reum
619 1903 833 1973 dempto
862 1902 967 1956 fine
998 1913 1247 1956 eruentus
1279 1923 1424 1973 agas,

148 1983 303 2028 natus
335 1993 392 2028 es
423 1993 452 2028 e
483 1973 736 2056 scopulis,
767 1973 996 2027 nutritus
1025 1973 1161 2028 lacte
1191 1974 1376 2036 ferin0,
1419 2011 1421 2013 -

221 2055 273 2099 et
303 2045 476 2099 dicam
507 2044 677 2099 sihces
708 2052 893 2115 pectus
921 2044 1117 2099 habere
1148 2054 1315 2098 tuum.

145 2116 267 2186 quis
297 2116 495 2187 gradus
525 2115 765 2179 ulterior,
795 2124 888 2168 tua
917 2133 1023 2185 quo
1053 2135 1109 2169 se
1138 2116 1375 2186 porrigat
1404 2117 1499 2180 ira,

219 2187 414 2241 restat?
443 2185 638 2256 quidve
668 2187 799 2240 meis
830 2187 998 2240 cernis
1028 2187 1213 2241 abesse
1244 2188 1428 2240 malis?

150 2258 376 2313 barbara
404 2276 491 2312 me
520 2257 676 2312 tellus
706 2266 758 2311 et
786 2257 1051 2328 inhospita
1079 2258 1233 2311 litora
1261 2258 1422 2311 Ponti

221 2347 447 2398 cumque
478 2346 574 2382 suo
604 2328 766 2382 borea
794 2327 1059 2382 Maenalis
1088 2327 1233 2382 Ursa
1263 2330 1420 2383 videt.

146 2400 294 2454 nulla
323 2399 452 2453 mihi
481 2418 603 2454 cum
631 2409 790 2471 gente
818 2399 933 2454 fera
963 2401 1277 2453 commercia
1306 2401 1544 2471 linguae3

55 2516 95 2529 ff„
222 2471 398 2525 omnia
427 2471 634 2524 solliciti
663 2480 786 2524 sunt
815 2471 931 2525 loca
959 2472 1117 2541 plena
1146 2482 1335 2525 metus.
1468 2519 1499 2543 ,
1894 2490 1947 2529 10

147 2551 311 2612 utque
341 2542 508 2614 fugax
537 2541 704 2596 avidis
735 2561 923 2597 cervus
954 2543 1244 2613 deprensus
1276 2543 1343 2596 ab
1374 2543 1527 2606 ursiS,

218 2614 496 2683 cinctaque
524 2614 788 2667 montanis
819 2623 878 2668 ut
907 2624 1066 2685 pavet
1096 2634 1237 2684 agna
1265 2615 1420 2685 lupis,

148 2685 228 2739 sio
257 2703 357 2755 ego
387 2684 653 2756 belligeris
683 2705 716 2738 a
744 2685 992 2756 gentibus
1022 2686 1255 2754 undique
1286 2696 1500 2756 saeptus

221 2765 442 2819 terreor,
473 2755 622 2810 hoste
652 2775 829 2809 meum
859 2775 1027 2826 paene
1058 2767 1328 2827 premente
1358 2758 1513 2810 latus.

149 2834 312 2896 utque
343 2827 409 2880 sit
439 2827 692 2897 exiguum
721 2845 946 2897 poenae,
977 2828 1120 2895 quod
1151 2828 1376 2897 coniuge
1408 2846 1545 2890 cara,
1892 2845 1943 2884 15

222 2897 365 2966 quod
394 2897 564 2967 patria
594 2915 746 2951 careo
778 2898 1193 2968 pignoribusque
1225 2899 1377 2951 meis:

148 2976 213 3022 ut
239 2969 380 3021 mala.
409 2969 554 3021 nulla
582 2968 750 3021 feram
779 2968 880 3020 nisi
909 2969 1106 3021 nudam
1137 2966 1382 3022 Caesaris
1412 2969 1567 3021 iram:

222 3039 366 3092 nuda
394 3058 583 3109 parum
612 3039 764 3092 nobis
797 3037 1040 3092 Caesaris
1069 3040 1148 3092 ira
1176 3040 1301 3092 mali
1331 3040 1442 3092 est?

150 3119 207 3163 et
235 3118 413 3163 tamen
442 3119 522 3164 est
550 3110 760 3180 aliquis,
792 3110 884 3179 qui
913 3111 1132 3164 vulnera
1161 3111 1326 3164 cruda
1354 3119 1600 3165 retractet

225 3181 394 3235 solvat
424 3191 477 3235 et
504 3181 559 3234 in
589 3201 760 3235 mores
792 3200 884 3234 ora
914 3182 1108 3235 diserta
1136 3182 1315 3241 meos?
1890 3200 1945 3240 20

154 3250 210 3303 in
239 3268 398 3305 causa
427 3252 569 3306 facili
599 3253 764 3306 cuivis
795 3253 918 3306 licet
947 3272 1062 3307 esse
1093 3253 1364 3317 disertum,

226 3330 278 3376 et
306 3323 551 3378 minimae
581 3324 718 3378 vires
748 3323 992 3393 frangere
1021 3342 1216 3393 quassa
1244 3325 1436 3378 valent.

154 3391 406 3447 subruere
436 3404 514 3448 est
544 3414 689 3449 arces
721 3405 773 3449 et
802 3395 993 3448 stantia
1022 3396 1230 3449 moenia
1260 3396 1448 3449 virtus:

0 3424 12 3510 ,l
226 3464 514 3531 quamlibet
542 3466 723 3536 ignavi
751 3467 1094 3537 praecipitata
1121 3478 1385 3538 premunt.

0 3518 12 3655 ἒ
245 3545 353 3582 θυι-αὴ·
373 3547 434 3582 vot.
451 3546 520 3583 111.
1520 3552 1574 3595 11

0 3662 8 3686 l

1890 2134 1917 2173 c!
