2158 3906
413 283 485 341 60
974 297 1029 340 P.
1063 297 1269 343 ovmn
1298 298 1570 345 NASONIS

414 400 502 454 ille
533 418 655 453 suos
687 417 895 468 semper
923 399 1191 452 Venerem
1219 399 1556 469 Martemque
1585 410 1830 471 parentes

489 471 620 523 dixit
650 479 701 522 et
732 469 953 522 emeruit
982 471 1126 522 vocis
1156 470 1352 524 habere
1381 472 1558 524 fidem.

415 560 551 596 neve
582 539 812 593 secuturi
843 549 1056 608 possent
1085 541 1288 613 nescire
1317 551 1553 612 nepoteS,

331 632 385 671 60
487 621 727 680 tempora
757 609 836 661 dis
866 611 1075 679 generis
1107 612 1412 665 continuata
1442 614 1602 666 dedit.
1632 644 1706 653 —-

417 683 509 736 sed
539 680 763 735 Veneris
794 700 1029 734 mensem
1062 680 1227 735 Graio
1259 702 1498 737 sermone
1528 693 1768 738 notatum

487 769 742 820 auguror:
774 770 806 803 a
836 749 1036 821 s'pumis
1067 761 1147 805 est
1177 754 1276 806 dea
1306 755 1447 807 dicta
1474 755 1651 807 maris.

412 841 512 876 nec
542 822 638 874 tibi
669 821 737 874 sit
765 822 958 874 mirum
992 822 1201 876 Graeco
1232 844 1344 878 rem
1373 826 1584 879 nomine
1616 826 1744 879 dici:

483 893 621 945 Itala
649 912 773 944 nam
792 894 958 946 ‘tellus
992 892 1220 947 Graecia
1249 896 1417 948 maior
1447 905 1574 948 erat.

327 983 380 1021 65
411 972 628 1017 venerat
657 963 912 1016 Euander
941 965 1099 1034 plena
1128 984 1250 1018 cum
1281 967 1446 1019 classe
1478 985 1717 1030 suorum3

482 1043 700 1087 venerat
728 1035 971 1088 Alcides:
1010 1034 1206 1089 Graius
1236 1046 1457 1105 uterque
1487 1056 1671 1107 genus.

409 1104 602 1175 hospes
632 1106 913 1159 Aventinis
945 1116 1241 1160 armentum
1270 1108 1417 1178 pavit
1445 1108 1499 1160 in
1531 1108 1708 1161 herbis

483 1176 739 1246 claviger,
772 1186 824 1229 et
854 1187 1000 1230 tanto
1032 1188 1111 1231 est
1140 1179 1343 1231 Albula
1372 1188 1497 1249 pota
1527 1180 1643 1232 dec.

342 1267 345 1270 ’
411 1247 519 1300 dux
551 1265 762 1315 quoque
793 1248 1051 1301 Neritius:
1083 1258 1241 1302 testes
1272 1250 1667 1320 Laestrygones
1698 1258 1879 1304 extant

326 1337 380 1376 70
483 1327 534 1371 et
565 1319 706 1386 quod
739 1318 913 1372 adhuc
945 1318 1126 1373 Circes
1157 1321 1372 1372 nomina
1401 1321 1523 1374 litus
1555 1321 1731 1375 habet.

411 1397 464 1442 et
491 1389 597 1441 iam
628 1389 908 1458 Telegoni,
939 1391 1045 1443 iam
1075 1392 1284 1444 moenia
1313 1391 1528 1444 Tiburis
1558 1393 1652 1444 udi

482 1460 715 1523 stabant,
747 1461 1033 1530 Argolicae
1065 1463 1207 1530 quod
1238 1481 1462 1532 posuere
1492 1481 1695 1517 manus
1729 1512 1733 1516 ,

408 1540 626 1584 venerat
655 1531 878 1584 Atridae
909 1532 1031 1584 fatis
1063 1533 1291 1602 agitatus
1322 1535 1605 1597 Halaesus,

482 1621 514 1654 a
544 1620 650 1669 quo
682 1621 737 1655 se
769 1603 961 1655 dictam
993 1613 1132 1656 terra
1160 1604 1370 1657 Falisca
1399 1614 1566 1674 putat.

324 1692 376 1730 75
409 1671 558 1725 adice
590 1673 851 1726 Troianae
884 1693 1152 1727 suasorem
1184 1675 1459 1727 Antenora
1489 1675 1633 1744 pacis

482 1752 533 1795 et
561 1763 815 1812 generum
848 1742 1119 1808 Oeniden,
1150 1746 1330 1815 Apule
1360 1745 1580 1808 Daune,
1613 1756 1780 1801 tuum.

409 1832 556 1867 serus
589 1815 655 1866 ab
686 1815 862 1867 Iliacis
894 1826 1093 1885 etpost
1122 1816 1398 1868 Antenora
1427 1817 1651 1870 flammis

481 1885 655 1936 attulit
684 1887 898 1939 Aeneas
928 1886 984 1938 in
1013 1888 1129 1939 loca
1158 1896 1336 1940 nostra
1367 1887 1510 1940 deos·

338 1997 340 1999 ,
406 1954 564 2008 huius
596 1965 708 2009 erat
740 1955 990 2026 Solymus
1020 1957 1260 2027 Phrygia
1290 1976 1464 2011 comes
1495 1978 1633 2011 unus
1665 1959 1732 2011 ab
1763 1959 1879 2023 Ida,

320 2044 376 2084 80
480 2045 511 2078 a
541 2044 645 2094 quo
677 2026 955 2080 Sulmonis
978 2030 1185 2081 moenia
1214 2047 1405 2083 nomen
1427 2029 1650 2093 habent,

407 2095 679 2150 Sulmonis
709 2099 894 2167 gelidi,
926 2130 996 2137 —
1025 2100 1250 2168 patriae,
1284 2099 1627 2163 Germanice,
1657 2100 1890 2154 nostrae!

477 2187 561 2221 me
592 2169 867 2232 miserum,
900 2169 1150 2239 Scythico
1182 2189 1342 2240 quam
1370 2173 1553 2242 procul
1582 2172 1672 2224 illa
1702 2173 1812 2224 solo
1845 2172 1947 2225 est!

406 2258 533 2308 ergo
566 2259 665 2310 age
694 2270 767 2278 —
794 2249 853 2293 tu
881 2242 1067 2311 longas
1100 2242 1194 2294 sed
1224 2243 1516 2312 supprime,
1548 2243 1733 2305 Musa,
1765 2244 2034 2312 querelas:
2070 2260 2082 2264 ”

477 2329 584 2362 non
614 2311 710 2363 tibi
741 2320 863 2363 sunt
891 2322 1092 2365 maesta
1122 2332 1270 2365 sacra
1301 2314 1538 2366 canenda
1567 2314 1705 2382 lyra!
1735 2343 1810 2351 -—

320 2398 374 2438 85
407 2398 513 2448 quo
543 2400 651 2433 non
680 2382 813 2434 livor
844 2383 984 2434 abit?
1015 2392 1137 2435 sunt
1167 2384 1259 2451 qui
1289 2384 1385 2436 tibi
1414 2384 1607 2436 mensis
1638 2384 1892 2438 honorem

478 2451 729 2521 eripuisse
759 2453 921 2506 velint
950 2453 1350 2522 invideantque,
1381 2455 1584 2509 Venus,

380 2541 553 2584 nam,
585 2522 711 2590 quia
739 2542 832 2576 ver
861 2525 1028 2593 aperit
1058 2535 1184 2578 tunc
1214 2525 1413 2588 omnia,
1446 2526 1713 2594 densaque
1745 2526 1883 2579 cedit

475 2593 686 2662 frigoris
718 2596 994 2664 asperitas,
1026 2595 1238 2664 fetaque
1269 2606 1408 2649 terra
1436 2605 1597 2666 patet,

404 2664 648 2733 Aprilem
678 2676 972 2718 memorant
1001 2666 1068 2718 ab
1101 2677 1280 2736 aperto
1311 2677 1547 2737 tempore
1579 2668 1801 2721 dictum:

319 2752 373 2791 90
475 2753 635 2802 quem
664 2736 849 2789 Venus
878 2737 1070 2789 iniecta
1099 2738 1332 2791 vindicat
1363 2739 1503 2791 alma
1531 2758 1710 2791 manu.

403 2805 493 2857 illa
522 2806 736 2873 quidem
766 2816 935 2860 totum
967 2808 1275 2877 dignissima
1304 2818 1563 2880 temperat
1593 2810 1794 2872 orbem,

472 2876 563 2928 illa
592 2886 736 2930 tenet
766 2879 909 2931 nullo
940 2898 1106 2949 regna
1134 2880 1338 2933 minora
1368 2882 1484 2944 de0,

401 2947 622 3015 iuraque
653 2949 741 3001 dat
773 2951 942 3012 cae10,
974 2959 1167 3014 terrae,
1204 2952 1467 3005 natalibus
1497 2952 1671 3014 undis,

473 3037 672 3088 perque
704 3038 826 3072 suos
855 3020 1015 3073 initus
1047 3022 1278 3075 continet
1309 3040 1463 3076 omne
1493 3042 1679 3093 genus·

316 3103 369 3144 95
401 3087 491 3140 illa
522 3089 646 3141 deos
678 3109 860 3144 omnes
890 3122 960 3129 —
989 3093 1209 3162 longum
1241 3103 1320 3145 est
1349 3112 1627 3146 numerare
1654 3122 1728 3129 —-
1757 3092 1969 3156 creavit,

471 3159 562 3211 illa
593 3161 716 3212 satis
749 3180 935 3214 causas
967 3163 1347 3230 arboribusque
1379 3164 1539 3226 dedit,

399 3229 489 3282 illa
518 3231 676 3283 rudes
708 3231 910 3283 animos
941 3232 1215 3284 hominum
1246 3234 1506 3285 contraxit
1535 3234 1589 3285 in
1619 3252 1786 3285 unum

471 3309 523 3353 et
553 3300 908 3370 docuitiungi
940 3320 1061 3354 cum
1091 3321 1218 3372 pare
1249 3321 1513 3371 quemque
1545 3323 1657 3356 sua.

398 3371 526 3439 quid
555 3390 724 3440 genus
756 3390 908 3425 omne
939 3382 1081 3425 creat
1111 3374 1383 3426 volucrum
1414 3374 1515 3427 nisi
1544 3374 1741 3429 blanda
1770 3374 2062 3446 voluptas?-

284 3458 367 3498 100
469 3460 569 3497 nec
599 3452 784 3496 coeant
812 3443 1067 3513 pecudes,
1100 3444 1143 3497 si
1171 3445 1301 3498 levis
1335 3445 1472 3498 absit
1503 3464 1664 3499 amor.
