<?xml version="1.0" encoding="UTF-8"?>
<!DOCTYPE html PUBLIC "-//W3C//DTD XHTML 1.0 Transitional//EN"
    "http://www.w3.org/TR/xhtml1/DTD/xhtml1-transitional.dtd">
<html xmlns="http://www.w3.org/1999/xhtml" xml:lang="en" lang="en">
 <head>
  <title>
</title>
<meta http-equiv="Content-Type" content="text/html;charset=utf-8" />
  <meta name='ocr-system' content='tesseract 3.04.00' />
  <meta name='ocr-capabilities' content='ocr_page ocr_carea ocr_par ocr_line ocrx_word'/>
</head>
<body>
  <div class='ocr_page' id='page_1' title='image "./carminaov03oviduoft_0051.png"; bbox 0 0 2158 3906; ppageno 0'>
   <div class='ocr_carea' id='block_1_1' title="bbox 491 310 1770 367">
    <p class='ocr_par' dir='ltr' id='par_1_1' title="bbox 491 310 1770 367">
     <span class='ocr_line' id='line_1_1' title="bbox 491 310 1770 367; baseline -0.001 -3"><span class='ocrx_word' id='word_1_1' title='bbox 491 319 841 367; x_wconf 83' lang='lat' dir='ltr'><strong>FASTORUM</strong></span> <span class='ocrx_word' id='word_1_2' title='bbox 869 320 990 367; x_wconf 88' lang='lat' dir='ltr'><strong>LIB.</strong></span> <span class='ocrx_word' id='word_1_3' title='bbox 1021 320 1059 365; x_wconf 92' lang='grc' dir='ltr'><strong>Ι.</strong></span> <span class='ocrx_word' id='word_1_4' title='bbox 1090 320 1331 366; x_wconf 83' lang='grc'><strong>468-555.</strong></span> <span class='ocrx_word' id='word_1_5' title='bbox 1703 310 1770 363; x_wconf 86' lang='grc'><strong>13</strong></span> 
     </span>
    </p>
   </div>
   <div class='ocr_carea' id='block_1_2' title="bbox 17 421 1882 3464">
    <p class='ocr_par' dir='ltr' id='par_1_2' title="bbox 17 421 1882 3173">
     <span class='ocr_line' id='line_1_2' title="bbox 135 421 1386 492; baseline -0.004 -12"><span class='ocrx_word' id='word_1_6' title='bbox 135 433 186 480; x_wconf 85' lang='lat' dir='ltr'><strong>et</strong></span> <span class='ocrx_word' id='word_1_7' title='bbox 213 440 487 478; x_wconf 86' lang='lat' dir='ltr'><strong>nemorum</strong></span> <span class='ocrx_word' id='word_1_8' title='bbox 518 421 785 492; x_wconf 83' lang='lat' dir='ltr'><strong>nymphae</strong></span> <span class='ocrx_word' id='word_1_9' title='bbox 816 422 1186 490; x_wconf 85' lang='lat' dir='ltr'>Naiadumque</span> <span class='ocrx_word' id='word_1_10' title='bbox 1217 421 1386 476; x_wconf 74' lang='lat' dir='ltr'><strong>chorii</strong></span> 
     </span>
     <span class='ocr_line' id='line_1_3' title="bbox 22 493 1240 562; baseline -0.005 -10"><span class='ocrx_word' id='word_1_11' title='bbox 22 504 23 507; x_wconf 76' lang='grc'>’</span> <span class='ocrx_word' id='word_1_12' title='bbox 61 505 173 553; x_wconf 82' lang='lat' dir='ltr'><strong>este</strong></span> <span class='ocrx_word' id='word_1_13' title='bbox 204 493 354 547; x_wconf 89' lang='lat' dir='ltr'><strong>bonis</strong></span> <span class='ocrx_word' id='word_1_14' title='bbox 385 493 570 546; x_wconf 87' lang='lat' dir='ltr'><strong>avibus</strong></span> <span class='ocrx_word' id='word_1_15' title='bbox 602 493 700 544; x_wconf 87' lang='lat' dir='ltr'><strong>visi</strong></span> <span class='ocrx_word' id='word_1_16' title='bbox 731 501 960 560; x_wconf 91' lang='lat' dir='ltr'><strong>natoque</strong></span> <span class='ocrx_word' id='word_1_17' title='bbox 992 493 1240 562; x_wconf 88' lang='lat' dir='ltr'><strong>mihique,</strong></span> 
     </span>
     <span class='ocr_line' id='line_1_4' title="bbox 134 563 1108 636; baseline 0.003 -21.678"><span class='ocrx_word' id='word_1_18' title='bbox 134 565 350 636; x_wconf 83' lang='lat' dir='ltr'>ripaque</span> <span class='ocrx_word' id='word_1_19' title='bbox 379 563 522 617; x_wconf 85' lang='lat' dir='ltr'><strong>felici</strong></span> <span class='ocrx_word' id='word_1_20' title='bbox 553 572 693 615; x_wconf 89' lang='lat' dir='ltr'><strong>tacta</strong></span> <span class='ocrx_word' id='word_1_21' title='bbox 724 564 790 616; x_wconf 87' lang='lat' dir='ltr'><strong>sit</strong></span> <span class='ocrx_word' id='word_1_22' title='bbox 820 563 920 615; x_wconf 88' lang='lat' dir='ltr'><strong>ista</strong></span> <span class='ocrx_word' id='word_1_23' title='bbox 950 563 1108 633; x_wconf 84' lang='lat' dir='ltr'><strong>pedel</strong></span> 
     </span>
     <span class='ocr_line' id='line_1_5' title="bbox 18 634 1882 709; baseline -0.002 -17"><span class='ocrx_word' id='word_1_24' title='bbox 18 659 23 709; x_wconf 50' lang='lat'>;</span> <span class='ocrx_word' id='word_1_25' title='bbox 61 636 239 698; x_wconf 75' lang='lat' dir='ltr'><strong>fallor,</strong></span> <span class='ocrx_word' id='word_1_26' title='bbox 271 653 339 688; x_wconf 90' lang='lat' dir='ltr'><strong>an</strong></span> <span class='ocrx_word' id='word_1_27' title='bbox 368 634 422 687; x_wconf 91' lang='lat' dir='ltr'><strong>hi</strong></span> <span class='ocrx_word' id='word_1_28' title='bbox 452 634 578 687; x_wconf 90' lang='lat' dir='ltr'><strong>fient</strong></span> <span class='ocrx_word' id='word_1_29' title='bbox 607 634 843 703; x_wconf 84' lang='lat' dir='ltr'><strong>ingentia</strong></span> <span class='ocrx_word' id='word_1_30' title='bbox 873 635 1081 687; x_wconf 88' lang='lat' dir='ltr'><strong>moenia</strong></span> <span class='ocrx_word' id='word_1_31' title='bbox 1111 636 1286 697; x_wconf 74' lang='lat' dir='ltr'><strong>colleS‚</strong></span> <span class='ocrx_word' id='word_1_32' title='bbox 1798 651 1882 690; x_wconf 83' lang='lat'><strong>515</strong></span> 
     </span>
     <span class='ocr_line' id='line_1_6' title="bbox 19 704 1324 775; baseline -0.002 -15"><span class='ocrx_word' id='word_1_33' title='bbox 19 722 23 730; x_wconf 66' lang='lat'><strong><em>¹</em></strong></span> <span class='ocrx_word' id='word_1_34' title='bbox 132 707 351 774; x_wconf 89' lang='lat' dir='ltr'><strong>iuraque</strong></span> <span class='ocrx_word' id='word_1_35' title='bbox 383 704 450 757; x_wconf 89' lang='lat' dir='ltr'><strong>ab</strong></span> <span class='ocrx_word' id='word_1_36' title='bbox 481 705 581 757; x_wconf 92' lang='lat' dir='ltr'><strong>hac</strong></span> <span class='ocrx_word' id='word_1_37' title='bbox 612 714 750 758; x_wconf 89' lang='lat' dir='ltr'><strong>terra</strong></span> <span class='ocrx_word' id='word_1_38' title='bbox 780 714 953 757; x_wconf 89' lang='lat' dir='ltr'><strong>cetera</strong></span> <span class='ocrx_word' id='word_1_39' title='bbox 983 714 1122 757; x_wconf 86' lang='lat' dir='ltr'><strong>terra</strong></span> <span class='ocrx_word' id='word_1_40' title='bbox 1151 706 1324 775; x_wconf 85' lang='lat' dir='ltr'><strong>petet?</strong></span> 
     </span>
     <span class='ocr_line' id='line_1_7' title="bbox 17 771 1302 845; baseline -0.004 -12"><span class='ocrx_word' id='word_1_41' title='bbox 17 771 23 786; x_wconf 60' lang='lat'><strong>&#39;⁴</strong></span> <span class='ocrx_word' id='word_1_42' title='bbox 59 776 326 833; x_wconf 85' lang='lat' dir='ltr'><strong>montibus</strong></span> <span class='ocrx_word' id='word_1_43' title='bbox 357 775 438 828; x_wconf 88' lang='lat' dir='ltr'><strong>his</strong></span> <span class='ocrx_word' id='word_1_44' title='bbox 469 776 594 828; x_wconf 92' lang='lat' dir='ltr'><strong>olim</strong></span> <span class='ocrx_word' id='word_1_45' title='bbox 625 785 765 828; x_wconf 85' lang='lat' dir='ltr'><strong>totus</strong></span> <span class='ocrx_word' id='word_1_46' title='bbox 795 775 1115 845; x_wconf 84' lang='lat' dir='ltr'><strong>promittitur</strong></span> <span class='ocrx_word' id='word_1_47' title='bbox 1145 777 1302 828; x_wconf 79' lang='lat' dir='ltr'><strong>orbis,</strong></span> 
     </span>
     <span class='ocr_line' id='line_1_8' title="bbox 133 846 1280 917; baseline -0.001 -17"><span class='ocrx_word' id='word_1_48' title='bbox 133 847 250 917; x_wconf 86' lang='lat' dir='ltr'><strong>quis</strong></span> <span class='ocrx_word' id='word_1_49' title='bbox 280 855 483 899; x_wconf 85' lang='lat' dir='ltr'><strong>tantum</strong></span> <span class='ocrx_word' id='word_1_50' title='bbox 514 846 611 899; x_wconf 89' lang='lat' dir='ltr'><strong>fati</strong></span> <span class='ocrx_word' id='word_1_51' title='bbox 641 846 820 899; x_wconf 91' lang='lat' dir='ltr'><strong>credat</strong></span> <span class='ocrx_word' id='word_1_52' title='bbox 851 846 1044 899; x_wconf 85' lang='lat' dir='ltr'><strong>habere</strong></span> <span class='ocrx_word' id='word_1_53' title='bbox 1074 848 1280 900; x_wconf 85' lang='lat' dir='ltr'><strong>locum?</strong></span> 
     </span>
     <span class='ocr_line' id='line_1_9' title="bbox 18 917 1378 988; baseline -0.004 -14"><span class='ocrx_word' id='word_1_54' title='bbox 18 931 24 943; x_wconf 68' lang='lat'><strong>⁶</strong></span> <span class='ocrx_word' id='word_1_55' title='bbox 58 926 116 975; x_wconf 75' lang='lat' dir='ltr'><strong>et</strong></span> <span class='ocrx_word' id='word_1_56' title='bbox 142 918 248 971; x_wconf 87' lang='lat' dir='ltr'><strong>iam</strong></span> <span class='ocrx_word' id='word_1_57' title='bbox 278 917 583 971; x_wconf 84' lang='lat' dir='ltr'><strong>Dardaniae</strong></span> <span class='ocrx_word' id='word_1_58' title='bbox 614 925 833 988; x_wconf 85' lang='lat' dir='ltr'><strong>tangent</strong></span> <span class='ocrx_word' id='word_1_59' title='bbox 864 917 993 970; x_wconf 85' lang='lat' dir='ltr'><strong>haec</strong></span> <span class='ocrx_word' id='word_1_60' title='bbox 1023 918 1176 970; x_wconf 90' lang='lat' dir='ltr'><strong>litora</strong></span> <span class='ocrx_word' id='word_1_61' title='bbox 1205 918 1378 987; x_wconf 86' lang='lat' dir='ltr'><strong>pinus.</strong></span> 
     </span>
     <span class='ocr_line' id='line_1_10' title="bbox 25 987 1882 1058; baseline 0.001 -16"><span class='ocrx_word' id='word_1_62' title='bbox 25 1051 26 1054; x_wconf 8' lang='grc' dir='ltr'><strong>Ἴ</strong></span> <span class='ocrx_word' id='word_1_63' title='bbox 131 987 218 1042; x_wconf 92' lang='lat' dir='ltr'><strong>hic</strong></span> <span class='ocrx_word' id='word_1_64' title='bbox 247 1006 458 1058; x_wconf 88' lang='lat' dir='ltr'><strong>quoque</strong></span> <span class='ocrx_word' id='word_1_65' title='bbox 490 1007 649 1041; x_wconf 88' lang='lat' dir='ltr'><strong>causa</strong></span> <span class='ocrx_word' id='word_1_66' title='bbox 681 988 805 1041; x_wconf 88' lang='lat' dir='ltr'><strong>novi</strong></span> <span class='ocrx_word' id='word_1_67' title='bbox 835 988 1032 1041; x_wconf 88' lang='lat' dir='ltr'><strong>femina</strong></span> <span class='ocrx_word' id='word_1_68' title='bbox 1061 988 1252 1041; x_wconf 85' lang='lat' dir='ltr'><strong>Martis</strong></span> <span class='ocrx_word' id='word_1_69' title='bbox 1285 989 1398 1041; x_wconf 90' lang='lat' dir='ltr'><strong>erit.</strong></span> <span class='ocrx_word' id='word_1_70' title='bbox 1798 1005 1882 1044; x_wconf 84' lang='lat'><strong>520</strong></span> 
     </span>
     <span class='ocr_line' id='line_1_11' title="bbox 56 1059 1414 1130; baseline -0.003 -16"><span class='ocrx_word' id='word_1_71' title='bbox 56 1077 400 1130; x_wconf 62' lang='lat' dir='ltr'><strong>careffiepos,</strong></span> <span class='ocrx_word' id='word_1_72' title='bbox 430 1059 607 1122; x_wconf 90' lang='lat' dir='ltr'><strong>Palla,</strong></span> <span class='ocrx_word' id='word_1_73' title='bbox 638 1059 846 1111; x_wconf 86' lang='lat' dir='ltr'><strong>funesta</strong></span> <span class='ocrx_word' id='word_1_74' title='bbox 876 1059 1004 1127; x_wconf 90' lang='lat' dir='ltr'><strong>quid</strong></span> <span class='ocrx_word' id='word_1_75' title='bbox 1034 1059 1207 1111; x_wconf 88' lang='lat' dir='ltr'><strong>induis</strong></span> <span class='ocrx_word' id='word_1_76' title='bbox 1238 1059 1414 1112; x_wconf 82' lang='lat' dir='ltr'><strong>arma?</strong></span> 
     </span>
     <span class='ocr_line' id='line_1_12' title="bbox 130 1129 1263 1183; baseline -0.002 0"><span class='ocrx_word' id='word_1_77' title='bbox 130 1130 314 1183; x_wconf 88' lang='lat' dir='ltr'><strong>induel</strong></span> <span class='ocrx_word' id='word_1_78' title='bbox 345 1148 449 1183; x_wconf 93' lang='lat' dir='ltr'><strong>non</strong></span> <span class='ocrx_word' id='word_1_79' title='bbox 479 1129 666 1182; x_wconf 91' lang='lat' dir='ltr'><strong>humili</strong></span> <span class='ocrx_word' id='word_1_80' title='bbox 695 1130 900 1182; x_wconf 89' lang='lat' dir='ltr'><strong>vindice</strong></span> <span class='ocrx_word' id='word_1_81' title='bbox 931 1148 1115 1182; x_wconf 88' lang='lat' dir='ltr'><strong>caesus</strong></span> <span class='ocrx_word' id='word_1_82' title='bbox 1146 1130 1263 1182; x_wconf 87' lang='lat' dir='ltr'><strong>eris.</strong></span> 
     </span>
     <span class='ocr_line' id='line_1_13' title="bbox 25 1199 1478 1269; baseline -0.002 -14"><span class='ocrx_word' id='word_1_83' title='bbox 25 1246 26 1249; x_wconf 15' lang='grc' dir='ltr'>η</span> <span class='ocrx_word' id='word_1_84' title='bbox 58 1200 202 1256; x_wconf 80' lang='lat' dir='ltr'><strong>victa</strong></span> <span class='ocrx_word' id='word_1_85' title='bbox 230 1210 405 1254; x_wconf 90' lang='lat' dir='ltr'><strong>tamen</strong></span> <span class='ocrx_word' id='word_1_86' title='bbox 435 1201 613 1254; x_wconf 88' lang='lat' dir='ltr'><strong>vinces</strong></span> <span class='ocrx_word' id='word_1_87' title='bbox 645 1218 959 1267; x_wconf 90' lang='lat' dir='ltr'><strong>eversaque,</strong></span> <span class='ocrx_word' id='word_1_88' title='bbox 990 1199 1174 1262; x_wconf 88' lang='lat' dir='ltr'><strong>Troia,</strong></span> <span class='ocrx_word' id='word_1_89' title='bbox 1206 1218 1478 1269; x_wconf 74' lang='lat' dir='ltr'><strong>resurgest</strong></span> 
     </span>
     <span class='ocr_line' id='line_1_14' title="bbox 131 1270 1108 1324; baseline -0.001 -1"><span class='ocrx_word' id='word_1_90' title='bbox 131 1271 320 1324; x_wconf 83' lang='lat' dir='ltr'><strong>obruet</strong></span> <span class='ocrx_word' id='word_1_91' title='bbox 349 1270 564 1323; x_wconf 82' lang='lat' dir='ltr'><strong>hostiles</strong></span> <span class='ocrx_word' id='word_1_92' title='bbox 595 1271 695 1322; x_wconf 89' lang='lat' dir='ltr'><strong>ista</strong></span> <span class='ocrx_word' id='word_1_93' title='bbox 724 1270 876 1322; x_wconf 92' lang='lat' dir='ltr'><strong>ruina</strong></span> <span class='ocrx_word' id='word_1_94' title='bbox 906 1270 1108 1322; x_wconf 91' lang='lat' dir='ltr'><strong>domos.</strong></span> 
     </span>
     <span class='ocr_line' id='line_1_15' title="bbox 24 1339 1879 1410; baseline -0.004 -13"><span class='ocrx_word' id='word_1_95' title='bbox 24 1389 26 1397; x_wconf 89' lang='grc'><em>,</em></span> <span class='ocrx_word' id='word_1_96' title='bbox 59 1341 220 1404; x_wconf 84' lang='lat' dir='ltr'><strong>urite,</strong></span> <span class='ocrx_word' id='word_1_97' title='bbox 251 1340 515 1403; x_wconf 87' lang='lat' dir='ltr'><strong>victrices,</strong></span> <span class='ocrx_word' id='word_1_98' title='bbox 546 1339 817 1410; x_wconf 87' lang='lat' dir='ltr'><strong>Neptunia</strong></span> <span class='ocrx_word' id='word_1_99' title='bbox 844 1339 1135 1409; x_wconf 82' lang='lat' dir='ltr'><strong>Pergama,</strong></span> <span class='ocrx_word' id='word_1_100' title='bbox 1167 1339 1432 1392; x_wconf 72' lang='lat' dir='ltr'><strong>flammae!</strong></span> <span class='ocrx_word' id='word_1_101' title='bbox 1796 1356 1879 1396; x_wconf 82' lang='lat'><strong>525</strong></span> 
     </span>
     <span class='ocr_line' id='line_1_16' title="bbox 130 1410 1359 1465; baseline -0.003 0"><span class='ocrx_word' id='word_1_102' title='bbox 130 1429 258 1465; x_wconf 91' lang='lat' dir='ltr'><strong>num</strong></span> <span class='ocrx_word' id='word_1_103' title='bbox 286 1411 459 1464; x_wconf 91' lang='lat' dir='ltr'><strong>minus</strong></span> <span class='ocrx_word' id='word_1_104' title='bbox 490 1410 575 1464; x_wconf 91' lang='lat' dir='ltr'><strong>hic</strong></span> <span class='ocrx_word' id='word_1_105' title='bbox 605 1419 716 1463; x_wconf 93' lang='lat' dir='ltr'><strong>toto</strong></span> <span class='ocrx_word' id='word_1_106' title='bbox 748 1421 828 1463; x_wconf 88' lang='lat' dir='ltr'><strong>est</strong></span> <span class='ocrx_word' id='word_1_107' title='bbox 858 1410 1010 1462; x_wconf 91' lang='lat' dir='ltr'><strong>altior</strong></span> <span class='ocrx_word' id='word_1_108' title='bbox 1040 1410 1166 1463; x_wconf 91' lang='lat' dir='ltr'><strong>orbe</strong></span> <span class='ocrx_word' id='word_1_109' title='bbox 1198 1411 1359 1463; x_wconf 85' lang='lat' dir='ltr'><strong>cinis?</strong></span> 
     </span>
     <span class='ocr_line' id='line_1_17' title="bbox 24 1481 1470 1553; baseline -0.003 -15"><span class='ocrx_word' id='word_1_110' title='bbox 24 1500 26 1546; x_wconf 68' lang='grc' dir='ltr'>ξ</span> <span class='ocrx_word' id='word_1_111' title='bbox 58 1481 166 1539; x_wconf 81' lang='lat' dir='ltr'><strong>iam</strong></span> <span class='ocrx_word' id='word_1_112' title='bbox 192 1482 310 1553; x_wconf 88' lang='lat' dir='ltr'><strong>pius</strong></span> <span class='ocrx_word' id='word_1_113' title='bbox 339 1482 552 1542; x_wconf 80' lang='lat' dir='ltr'><strong>Aeneas</strong></span> <span class='ocrx_word' id='word_1_114' title='bbox 584 1499 734 1534; x_wconf 86' lang='lat' dir='ltr'><strong>sacra</strong></span> <span class='ocrx_word' id='word_1_115' title='bbox 763 1489 838 1544; x_wconf 87' lang='lat' dir='ltr'><strong>et,</strong></span> <span class='ocrx_word' id='word_1_116' title='bbox 871 1499 1020 1533; x_wconf 90' lang='lat' dir='ltr'><strong>sacra</strong></span> <span class='ocrx_word' id='word_1_117' title='bbox 1049 1481 1236 1545; x_wconf 88' lang='lat' dir='ltr'><strong>altera,</strong></span> <span class='ocrx_word' id='word_1_118' title='bbox 1269 1491 1470 1551; x_wconf 88' lang='lat' dir='ltr'><strong>patrem</strong></span> 
     </span>
     <span class='ocr_line' id='line_1_18' title="bbox 24 1551 1205 1622; baseline -0.003 -15"><span class='ocrx_word' id='word_1_119' title='bbox 24 1596 25 1600; x_wconf 65' lang='lat'>,</span> <span class='ocrx_word' id='word_1_120' title='bbox 131 1553 353 1607; x_wconf 86' lang='lat' dir='ltr'><strong>adferet:</strong></span> <span class='ocrx_word' id='word_1_121' title='bbox 386 1552 574 1605; x_wconf 89' lang='lat' dir='ltr'><strong>Iliacos</strong></span> <span class='ocrx_word' id='word_1_122' title='bbox 605 1552 808 1622; x_wconf 85' lang='lat' dir='ltr'><strong>accipe,</strong></span> <span class='ocrx_word' id='word_1_123' title='bbox 840 1551 1030 1614; x_wconf 88' lang='lat' dir='ltr'><strong>Vesta,</strong></span> <span class='ocrx_word' id='word_1_124' title='bbox 1062 1552 1205 1605; x_wconf 86' lang='lat' dir='ltr'><strong>deos.</strong></span> 
     </span>
     <span class='ocr_line' id='line_1_19' title="bbox 24 1622 1465 1695; baseline -0.003 -16"><span class='ocrx_word' id='word_1_125' title='bbox 24 1660 26 1673; x_wconf 46' lang='grc' dir='ltr'><em>ι</em></span> <span class='ocrx_word' id='word_1_126' title='bbox 57 1633 267 1695; x_wconf 82' lang='lat' dir='ltr'><strong>tempus</strong></span> <span class='ocrx_word' id='word_1_127' title='bbox 297 1623 417 1686; x_wconf 91' lang='lat' dir='ltr'><strong>erit,</strong></span> <span class='ocrx_word' id='word_1_128' title='bbox 449 1640 570 1676; x_wconf 90' lang='lat' dir='ltr'><strong>cum</strong></span> <span class='ocrx_word' id='word_1_129' title='bbox 600 1640 693 1676; x_wconf 86' lang='lat' dir='ltr'><strong>vos</strong></span> <span class='ocrx_word' id='word_1_130' title='bbox 725 1622 1011 1691; x_wconf 87' lang='lat' dir='ltr'><strong>orbemque</strong></span> <span class='ocrx_word' id='word_1_131' title='bbox 1043 1623 1277 1676; x_wconf 86' lang='lat' dir='ltr'><strong>tuebitur</strong></span> <span class='ocrx_word' id='word_1_132' title='bbox 1307 1622 1465 1687; x_wconf 87' lang='lat' dir='ltr'><strong>idem,</strong></span> 
     </span>
     <span class='ocr_line' id='line_1_20' title="bbox 24 1694 1880 1765; baseline -0.002 -17"><span class='ocrx_word' id='word_1_133' title='bbox 24 1749 26 1757; x_wconf 62' lang='grc'><strong><em>,</em></strong></span> <span class='ocrx_word' id='word_1_134' title='bbox 131 1704 184 1749; x_wconf 87' lang='lat' dir='ltr'><strong>et</strong></span> <span class='ocrx_word' id='word_1_135' title='bbox 210 1694 337 1748; x_wconf 89' lang='lat' dir='ltr'><strong>fient</strong></span> <span class='ocrx_word' id='word_1_136' title='bbox 365 1694 480 1765; x_wconf 88' lang='lat' dir='ltr'><strong>ipso</strong></span> <span class='ocrx_word' id='word_1_137' title='bbox 511 1696 660 1747; x_wconf 87' lang='lat' dir='ltr'><strong>sacra</strong></span> <span class='ocrx_word' id='word_1_138' title='bbox 689 1694 891 1747; x_wconf 90' lang='lat' dir='ltr'><strong>colente</strong></span> <span class='ocrx_word' id='word_1_139' title='bbox 923 1694 1046 1756; x_wconf 90' lang='lat' dir='ltr'><strong>deo;</strong></span> <span class='ocrx_word' id='word_1_140' title='bbox 1795 1710 1880 1751; x_wconf 84' lang='lat'><strong>530</strong></span> 
     </span>
     <span class='ocr_line' id='line_1_21' title="bbox 24 1765 1314 1835; baseline -0.003 -13"><span class='ocrx_word' id='word_1_141' title='bbox 24 1779 26 1822; x_wconf 52' lang='lat' dir='ltr'><strong>l</strong></span> <span class='ocrx_word' id='word_1_142' title='bbox 57 1774 116 1826; x_wconf 63' lang='lat' dir='ltr'><strong>‚et</strong></span> <span class='ocrx_word' id='word_1_143' title='bbox 178 1784 301 1819; x_wconf 87' lang='lat' dir='ltr'><strong>enes</strong></span> <span class='ocrx_word' id='word_1_144' title='bbox 331 1766 608 1835; x_wconf 87' lang='lat' dir='ltr'><strong>Augustos</strong></span> <span class='ocrx_word' id='word_1_145' title='bbox 638 1765 839 1835; x_wconf 86' lang='lat' dir='ltr'><strong>patriae</strong></span> <span class='ocrx_word' id='word_1_146' title='bbox 869 1765 1034 1818; x_wconf 86' lang='lat' dir='ltr'><strong>tutela</strong></span> <span class='ocrx_word' id='word_1_147' title='bbox 1062 1765 1314 1818; x_wconf 88' lang='lat' dir='ltr'><strong>manebit.</strong></span> 
     </span>
     <span class='ocr_line' id='line_1_22' title="bbox 23 1784 1261 1906; baseline -0.002 -16"><span class='ocrx_word' id='word_1_148' title='bbox 23 1834 26 1858; x_wconf 91' lang='lat'>&#39;</span> <span class='ocrx_word' id='word_1_149' title='bbox 129 1784 265 1890; x_wconf 42' lang='lat' dir='ltr'><strong>djanc</strong></span> <span class='ocrx_word' id='word_1_150' title='bbox 294 1835 374 1889; x_wconf 88' lang='lat' dir='ltr'><strong>fas</strong></span> <span class='ocrx_word' id='word_1_151' title='bbox 403 1836 610 1906; x_wconf 90' lang='lat' dir='ltr'><strong>imperii</strong></span> <span class='ocrx_word' id='word_1_152' title='bbox 641 1836 791 1889; x_wconf 88' lang='lat' dir='ltr'><strong>frena</strong></span> <span class='ocrx_word' id='word_1_153' title='bbox 820 1845 998 1889; x_wconf 89' lang='lat' dir='ltr'><strong>tenere</strong></span> <span class='ocrx_word' id='word_1_154' title='bbox 1028 1835 1261 1888; x_wconf 89' lang='lat' dir='ltr'><strong>domum.</strong></span> 
     </span>
     <span class='ocr_line' id='line_1_23' title="bbox 24 1906 1350 1978; baseline -0.002 -15"><span class='ocrx_word' id='word_1_155' title='bbox 24 1911 26 1950; x_wconf 64' lang='grc' dir='ltr'>ἰ</span> <span class='ocrx_word' id='word_1_156' title='bbox 57 1906 180 1964; x_wconf 78' lang='lat' dir='ltr'><strong>inde</strong></span> <span class='ocrx_word' id='word_1_157' title='bbox 207 1925 372 1978; x_wconf 88' lang='lat' dir='ltr'><strong>nepos</strong></span> <span class='ocrx_word' id='word_1_158' title='bbox 399 1916 661 1975; x_wconf 81' lang='lat' dir='ltr'><strong>natusque</strong></span> <span class='ocrx_word' id='word_1_159' title='bbox 693 1906 802 1970; x_wconf 91' lang='lat' dir='ltr'><strong>dei,</strong></span> <span class='ocrx_word' id='word_1_160' title='bbox 831 1906 954 1960; x_wconf 89' lang='lat' dir='ltr'><strong>licet</strong></span> <span class='ocrx_word' id='word_1_161' title='bbox 983 1907 1106 1977; x_wconf 88' lang='lat' dir='ltr'><strong>ipsc·</strong></span> <span class='ocrx_word' id='word_1_162' title='bbox 1126 1918 1350 1971; x_wconf 89' lang='lat' dir='ltr'><strong>recuset,</strong></span> 
     </span>
     <span class='ocr_line' id='line_1_24' title="bbox 24 1977 1234 2050; baseline -0.002 -19"><span class='ocrx_word' id='word_1_163' title='bbox 24 1981 26 2044; x_wconf 48' lang='lat' dir='ltr'><em>g</em></span> <span class='ocrx_word' id='word_1_164' title='bbox 128 1978 362 2050; x_wconf 89' lang='lat' dir='ltr'><strong>pondera</strong></span> <span class='ocrx_word' id='word_1_165' title='bbox 391 1978 602 2031; x_wconf 86' lang='lat' dir='ltr'><strong>caelesti</strong></span> <span class='ocrx_word' id='word_1_166' title='bbox 631 1987 806 2031; x_wconf 89' lang='lat' dir='ltr'><strong>mente</strong></span> <span class='ocrx_word' id='word_1_167' title='bbox 836 1987 1055 2048; x_wconf 88' lang='lat' dir='ltr'><strong>paterna</strong></span> <span class='ocrx_word' id='word_1_168' title='bbox 1085 1977 1234 2030; x_wconf 88' lang='lat' dir='ltr'><strong>feret.</strong></span> 
     </span>
     <span class='ocr_line' id='line_1_25' title="bbox 24 2048 1877 2120; baseline -0.001 -18"><span class='ocrx_word' id='word_1_169' title='bbox 24 2057 26 2106; x_wconf 64' lang='grc'><em>1</em></span> <span class='ocrx_word' id='word_1_170' title='bbox 55 2056 220 2119; x_wconf 77' lang='lat' dir='ltr'><strong>utque</strong></span> <span class='ocrx_word' id='word_1_171' title='bbox 251 2066 350 2118; x_wconf 83' lang='lat' dir='ltr'><strong>ego</strong></span> <span class='ocrx_word' id='word_1_172' title='bbox 378 2048 647 2120; x_wconf 87' lang='lat' dir='ltr'><strong>perpetuis</strong></span> <span class='ocrx_word' id='word_1_173' title='bbox 678 2049 802 2101; x_wconf 91' lang='lat' dir='ltr'><strong>olim</strong></span> <span class='ocrx_word' id='word_1_174' title='bbox 833 2049 1080 2101; x_wconf 87' lang='lat' dir='ltr'><strong>sacrabor</strong></span> <span class='ocrx_word' id='word_1_175' title='bbox 1108 2049 1163 2100; x_wconf 91' lang='lat' dir='ltr'><strong>in</strong></span> <span class='ocrx_word' id='word_1_176' title='bbox 1192 2049 1315 2111; x_wconf 86' lang='lat' dir='ltr'><strong>aris,</strong></span> <span class='ocrx_word' id='word_1_177' title='bbox 1796 2067 1877 2107; x_wconf 83' lang='lat'><strong>535</strong></span> 
     </span>
     <span class='ocr_line' id='line_1_26' title="bbox 24 2112 1262 2190; baseline -0.002 -17"><span class='ocrx_word' id='word_1_178' title='bbox 24 2112 26 2187; x_wconf 61' lang='lat' dir='ltr'><strong>l</strong></span> <span class='ocrx_word' id='word_1_179' title='bbox 78 2162 89 2176; x_wconf 68' lang='grc'>,</span> <span class='ocrx_word' id='word_1_180' title='bbox 129 2120 204 2173; x_wconf 90' lang='lat' dir='ltr'><strong>sic</strong></span> <span class='ocrx_word' id='word_1_181' title='bbox 232 2121 484 2190; x_wconf 87' lang='lat' dir='ltr'><strong>Augusta</strong></span> <span class='ocrx_word' id='word_1_182' title='bbox 511 2138 710 2172; x_wconf 89' lang='lat' dir='ltr'><strong>novum</strong></span> <span class='ocrx_word' id='word_1_183' title='bbox 739 2119 877 2172; x_wconf 91' lang='lat' dir='ltr'><strong>Iulia</strong></span> <span class='ocrx_word' id='word_1_184' title='bbox 906 2138 1102 2173; x_wconf 89' lang='lat' dir='ltr'><strong>numen</strong></span> <span class='ocrx_word' id='word_1_185' title='bbox 1133 2119 1262 2172; x_wconf 87' lang='lat' dir='ltr'><strong>erit..’</strong></span> 
     </span>
     <span class='ocr_line' id='line_1_27' title="bbox 20 2189 1349 2252; baseline -0.001 -9"><span class='ocrx_word' id='word_1_186' title='bbox 20 2189 26 2249; x_wconf 75' lang='lat'><strong>¹,</strong></span> <span class='ocrx_word' id='word_1_187' title='bbox 54 2190 249 2250; x_wconf 61' lang='lat' dir='ltr'><strong>talibus</strong></span> <span class='ocrx_word' id='word_1_188' title='bbox 279 2200 338 2243; x_wconf 90' lang='lat' dir='ltr'><strong>ut</strong></span> <span class='ocrx_word' id='word_1_189' title='bbox 366 2189 519 2244; x_wconf 88' lang='lat' dir='ltr'><strong>dictis</strong></span> <span class='ocrx_word' id='word_1_190' title='bbox 547 2199 752 2243; x_wconf 90' lang='lat' dir='ltr'><strong>nostros</strong></span> <span class='ocrx_word' id='word_1_191' title='bbox 782 2190 1053 2244; x_wconf 90' lang='lat' dir='ltr'><strong>descendit</strong></span> <span class='ocrx_word' id='word_1_192' title='bbox 1081 2190 1135 2242; x_wconf 90' lang='lat' dir='ltr'><strong>in</strong></span> <span class='ocrx_word' id='word_1_193' title='bbox 1166 2208 1349 2252; x_wconf 75' lang='lat' dir='ltr'><strong>ann08‚</strong></span> 
     </span>
     <span class='ocr_line' id='line_1_28' title="bbox 20 2258 1353 2331; baseline -0.002 -16"><span class='ocrx_word' id='word_1_194' title='bbox 20 2258 26 2327; x_wconf 59' lang='lat' dir='ltr'><strong>J</strong></span> <span class='ocrx_word' id='word_1_195' title='bbox 128 2261 360 2315; x_wconf 84' lang='lat' dir='ltr'><strong>substitit</strong></span> <span class='ocrx_word' id='word_1_196' title='bbox 388 2261 443 2313; x_wconf 89' lang='lat' dir='ltr'><strong>in</strong></span> <span class='ocrx_word' id='word_1_197' title='bbox 471 2261 671 2314; x_wconf 90' lang='lat' dir='ltr'><strong>medios</strong></span> <span class='ocrx_word' id='word_1_198' title='bbox 702 2261 940 2331; x_wconf 85' lang='lat' dir='ltr'><strong>praescia</strong></span> <span class='ocrx_word' id='word_1_199' title='bbox 968 2262 1152 2331; x_wconf 83' lang='lat' dir='ltr'><strong>lingua</strong></span> <span class='ocrx_word' id='word_1_200' title='bbox 1181 2279 1353 2313; x_wconf 89' lang='lat' dir='ltr'><strong>sonos.</strong></span> 
     </span>
     <span class='ocr_line' id='line_1_29' title="bbox 20 2331 1404 2456; baseline -0.001 -71"><span class='ocrx_word' id='word_1_201' title='bbox 20 2348 26 2405; x_wconf 59' lang='grc' dir='ltr'><strong>ἶ</strong></span> <span class='ocrx_word' id='word_1_202' title='bbox 57 2331 322 2456; x_wconf 53' lang='lat' dir='ltr'><strong>puppibus</strong></span> <span class='ocrx_word' id='word_1_203' title='bbox 352 2350 596 2411; x_wconf 72' lang='lat' dir='ltr'><strong>egressus</strong></span> <span class='ocrx_word' id='word_1_204' title='bbox 628 2331 786 2384; x_wconf 87' lang='lat' dir='ltr'><strong>Latia</strong></span> <span class='ocrx_word' id='word_1_205' title='bbox 817 2332 956 2385; x_wconf 87' lang='lat' dir='ltr'><strong>stetit</strong></span> <span class='ocrx_word' id='word_1_206' title='bbox 987 2332 1109 2385; x_wconf 83' lang='lat' dir='ltr'><strong>exul</strong></span> <span class='ocrx_word' id='word_1_207' title='bbox 1138 2331 1194 2384; x_wconf 89' lang='lat' dir='ltr'><strong>in</strong></span> <span class='ocrx_word' id='word_1_208' title='bbox 1224 2332 1404 2385; x_wconf 86' lang='lat' dir='ltr'><strong>herba.</strong></span> 
     </span>
     <span class='ocr_line' id='line_1_30' title="bbox 24 2402 1877 2466; baseline -0.001 -10"><span class='ocrx_word' id='word_1_209' title='bbox 24 2462 25 2465; x_wconf 8' lang='grc' dir='ltr'><strong>Ἴ</strong></span> <span class='ocrx_word' id='word_1_210' title='bbox 90 2438 95 2452; x_wconf 65' lang='lat'>2</span> <span class='ocrx_word' id='word_1_211' title='bbox 152 2421 180 2456; x_wconf 90' lang='lat' dir='ltr'><strong>e</strong></span> <span class='ocrx_word' id='word_1_212' title='bbox 201 2403 278 2466; x_wconf 86' lang='lat' dir='ltr'><strong>ix,</strong></span> <span class='ocrx_word' id='word_1_213' title='bbox 310 2403 525 2456; x_wconf 85' lang='lat' dir='ltr'><strong>exilium</strong></span> <span class='ocrx_word' id='word_1_214' title='bbox 555 2403 641 2456; x_wconf 88' lang='lat' dir='ltr'><strong>cui</strong></span> <span class='ocrx_word' id='word_1_215' title='bbox 671 2403 817 2456; x_wconf 90' lang='lat' dir='ltr'><strong>locus</strong></span> <span class='ocrx_word' id='word_1_216' title='bbox 848 2403 935 2456; x_wconf 92' lang='lat' dir='ltr'><strong>ille</strong></span> <span class='ocrx_word' id='word_1_217' title='bbox 965 2402 1089 2455; x_wconf 80' lang='lat' dir='ltr'><strong>fuit!</strong></span> <span class='ocrx_word' id='word_1_218' title='bbox 1792 2421 1877 2460; x_wconf 82' lang='lat'><strong>540</strong></span> 
     </span>
     <span class='ocr_line' id='line_1_31' title="bbox 51 2474 1679 2545; baseline -0.001 -15.037"><span class='ocrx_word' id='word_1_219' title='bbox 51 2478 156 2530; x_wconf 63' lang='lat' dir='ltr'><strong>a‘ec</strong></span> <span class='ocrx_word' id='word_1_220' title='bbox 183 2492 331 2527; x_wconf 83' lang='lat' dir='ltr'><strong>mora</strong></span> <span class='ocrx_word' id='word_1_221' title='bbox 358 2474 519 2545; x_wconf 89' lang='lat' dir='ltr'><strong>longa</strong></span> <span class='ocrx_word' id='word_1_222' title='bbox 547 2474 664 2526; x_wconf 86' lang='lat' dir='ltr'><strong>fuit.</strong></span> <span class='ocrx_word' id='word_1_223' title='bbox 694 2481 697 2484; x_wconf 78' lang='grc'><strong>’</strong></span> <span class='ocrx_word' id='word_1_224' title='bbox 739 2474 950 2526; x_wconf 87' lang='lat' dir='ltr'><strong>stabant.</strong></span> <span class='ocrx_word' id='word_1_225' title='bbox 978 2492 1117 2526; x_wconf 88' lang='lat' dir='ltr'><strong>nova</strong></span> <span class='ocrx_word' id='word_1_226' title='bbox 1147 2483 1312 2536; x_wconf 88' lang='lat' dir='ltr'><strong>tecta,</strong></span> <span class='ocrx_word' id='word_1_227' title='bbox 1344 2492 1515 2543; x_wconf 91' lang='lat' dir='ltr'><strong>neque</strong></span> <span class='ocrx_word' id='word_1_228' title='bbox 1547 2475 1679 2528; x_wconf 86' lang='lat' dir='ltr'><strong>alter</strong></span> 
     </span>
     <span class='ocr_line' id='line_1_32' title="bbox 19 2545 1274 2628; baseline -0.001 -31"><span class='ocrx_word' id='word_1_229' title='bbox 19 2560 26 2628; x_wconf 40' lang='grc' dir='ltr'>ᾖ</span> <span class='ocrx_word' id='word_1_230' title='bbox 89 2598 96 2604; x_wconf 66' lang='lat'><em>,</em></span> <span class='ocrx_word' id='word_1_231' title='bbox 127 2545 392 2599; x_wconf 87' lang='lat' dir='ltr'><strong>montibus</strong></span> <span class='ocrx_word' id='word_1_232' title='bbox 421 2545 677 2598; x_wconf 85' lang='lat' dir='ltr'><strong>Ausoniis</strong></span> <span class='ocrx_word' id='word_1_233' title='bbox 706 2545 920 2598; x_wconf 86' lang='lat' dir='ltr'><strong>Arcade</strong></span> <span class='ocrx_word' id='word_1_234' title='bbox 950 2545 1118 2597; x_wconf 82' lang='lat' dir='ltr'><strong>maior</strong></span> <span class='ocrx_word' id='word_1_235' title='bbox 1147 2554 1274 2597; x_wconf 89' lang='lat' dir='ltr'><strong>erat.</strong></span> 
     </span>
     <span class='ocr_line' id='line_1_33' title="bbox 20 2615 1319 2686; baseline -0.002 -16"><span class='ocrx_word' id='word_1_236' title='bbox 20 2633 26 2656; x_wconf 45' lang='lat'><strong>1³</strong></span> <span class='ocrx_word' id='word_1_237' title='bbox 57 2631 181 2670; x_wconf 77' lang='lat' dir='ltr'><strong>ecce</strong></span> <span class='ocrx_word' id='word_1_238' title='bbox 209 2616 372 2668; x_wconf 86' lang='lat' dir='ltr'><strong>boves</strong></span> <span class='ocrx_word' id='word_1_239' title='bbox 400 2615 525 2668; x_wconf 92' lang='lat' dir='ltr'><strong>illuc</strong></span> <span class='ocrx_word' id='word_1_240' title='bbox 555 2615 874 2685; x_wconf 69' lang='lat' dir='ltr'><strong>Erytheidas</strong></span> <span class='ocrx_word' id='word_1_241' title='bbox 906 2616 1134 2686; x_wconf 87' lang='lat' dir='ltr'><strong>applicat</strong></span> <span class='ocrx_word' id='word_1_242' title='bbox 1164 2615 1319 2668; x_wconf 88' lang='lat' dir='ltr'><strong>heros</strong></span> 
     </span>
     <span class='ocr_line' id='line_1_34' title="bbox 18 2664 1124 2757; baseline -0.004 -15"><span class='ocrx_word' id='word_1_243' title='bbox 18 2664 26 2742; x_wconf 47' lang='grc' dir='ltr'><strong>ξ’</strong></span> <span class='ocrx_word' id='word_1_244' title='bbox 62 2697 94 2728; x_wconf 72' lang='lat'><strong>‘&#39;-</strong></span> <span class='ocrx_word' id='word_1_245' title='bbox 114 2698 372 2740; x_wconf 80' lang='lat' dir='ltr'><strong>&#39;emensus</strong></span> <span class='ocrx_word' id='word_1_246' title='bbox 401 2686 548 2757; x_wconf 85' lang='lat' dir='ltr'><strong>longi</strong></span> <span class='ocrx_word' id='word_1_247' title='bbox 578 2687 810 2757; x_wconf 86' lang='lat' dir='ltr'><strong>claviger</strong></span> <span class='ocrx_word' id='word_1_248' title='bbox 839 2686 979 2739; x_wconf 90' lang='lat' dir='ltr'><strong>orbis</strong></span> <span class='ocrx_word' id='word_1_249' title='bbox 1010 2687 1124 2740; x_wconf 88' lang='lat' dir='ltr'><strong>iter.</strong></span> 
     </span>
     <span class='ocr_line' id='line_1_35' title="bbox 19 2746 1875 2828; baseline 0.003 -20"><span class='ocrx_word' id='word_1_250' title='bbox 19 2746 26 2815; x_wconf 80' lang='grc' dir='ltr'><strong>Ιῑ</strong></span> <span class='ocrx_word' id='word_1_251' title='bbox 57 2753 288 2826; x_wconf 64' lang='lat' dir='ltr'><strong>dumque</strong></span> <span class='ocrx_word' id='word_1_252' title='bbox 318 2757 441 2810; x_wconf 90' lang='lat' dir='ltr'><strong>huic</strong></span> <span class='ocrx_word' id='word_1_253' title='bbox 469 2757 755 2827; x_wconf 87' lang='lat' dir='ltr'><strong>hospitium</strong></span> <span class='ocrx_word' id='word_1_254' title='bbox 785 2757 973 2810; x_wconf 89' lang='lat' dir='ltr'><strong>domus</strong></span> <span class='ocrx_word' id='word_1_255' title='bbox 1005 2767 1083 2810; x_wconf 86' lang='lat' dir='ltr'><strong>est</strong></span> <span class='ocrx_word' id='word_1_256' title='bbox 1112 2758 1384 2827; x_wconf 85' lang='lat' dir='ltr'><strong>Tegeaea,</strong></span> <span class='ocrx_word' id='word_1_257' title='bbox 1420 2767 1686 2828; x_wconf 83' lang='lat' dir='ltr'><strong>vagantur</strong></span> <span class='ocrx_word' id='word_1_258' title='bbox 1794 2775 1875 2813; x_wconf 79' lang='lat'><strong>545</strong></span> 
     </span>
     <span class='ocr_line' id='line_1_36' title="bbox 19 2827 1099 2898; baseline -0.001 -17"><span class='ocrx_word' id='word_1_259' title='bbox 19 2836 25 2891; x_wconf 56' lang='grc' dir='ltr'><strong>ξ’</strong></span> <span class='ocrx_word' id='word_1_260' title='bbox 87 2835 95 2840; x_wconf 74' lang='grc'><strong>“</strong></span> <span class='ocrx_word' id='word_1_261' title='bbox 127 2827 473 2881; x_wconf 77' lang='lat' dir='ltr'><strong>incustoditae</strong></span> <span class='ocrx_word' id='word_1_262' title='bbox 501 2828 611 2880; x_wconf 90' lang='lat' dir='ltr'><strong>lata</strong></span> <span class='ocrx_word' id='word_1_263' title='bbox 639 2846 735 2898; x_wconf 90' lang='lat' dir='ltr'><strong>per</strong></span> <span class='ocrx_word' id='word_1_264' title='bbox 765 2847 891 2880; x_wconf 87' lang='lat' dir='ltr'><strong>arva</strong></span> <span class='ocrx_word' id='word_1_265' title='bbox 921 2829 1099 2880; x_wconf 76' lang='lat' dir='ltr'><strong>boves·</strong></span> 
     </span>
     <span class='ocr_line' id='line_1_37' title="bbox 17 2897 1394 2974; baseline -0.001 -23"><span class='ocrx_word' id='word_1_266' title='bbox 17 2897 26 2974; x_wconf 62' lang='grc' dir='ltr'><strong><em>Ε</em></strong></span> <span class='ocrx_word' id='word_1_267' title='bbox 57 2914 212 2952; x_wconf 83' lang='lat' dir='ltr'><strong>mane</strong></span> <span class='ocrx_word' id='word_1_268' title='bbox 241 2907 375 2952; x_wconf 87' lang='lat' dir='ltr'><strong>erat:</strong></span> <span class='ocrx_word' id='word_1_269' title='bbox 409 2917 663 2952; x_wconf 89' lang='lat' dir='ltr'><strong>excussus</strong></span> <span class='ocrx_word' id='word_1_270' title='bbox 692 2916 876 2951; x_wconf 90' lang='lat' dir='ltr'><strong>somno</strong></span> <span class='ocrx_word' id='word_1_271' title='bbox 906 2898 1217 2968; x_wconf 83' lang='lat' dir='ltr'><strong>Tirynthius</strong></span> <span class='ocrx_word' id='word_1_272' title='bbox 1248 2907 1394 2952; x_wconf 90' lang='lat' dir='ltr'><strong>actor</strong></span> 
     </span>
     <span class='ocr_line' id='line_1_38' title="bbox 24 2968 1233 3039; baseline -0.001 -18"><span class='ocrx_word' id='word_1_273' title='bbox 24 3036 25 3039; x_wconf 8' lang='grc' dir='ltr'><strong>Ἴ</strong></span> <span class='ocrx_word' id='word_1_274' title='bbox 130 2968 196 3022; x_wconf 87' lang='lat' dir='ltr'><strong>de</strong></span> <span class='ocrx_word' id='word_1_275' title='bbox 223 2987 442 3023; x_wconf 86' lang='lat' dir='ltr'><strong>numero</strong></span> <span class='ocrx_word' id='word_1_276' title='bbox 472 2977 650 3021; x_wconf 87' lang='lat' dir='ltr'><strong>tauros</strong></span> <span class='ocrx_word' id='word_1_277' title='bbox 682 2970 838 3022; x_wconf 89' lang='lat' dir='ltr'><strong>sentit</strong></span> <span class='ocrx_word' id='word_1_278' title='bbox 868 2969 1054 3022; x_wconf 89' lang='lat' dir='ltr'><strong>abesse</strong></span> <span class='ocrx_word' id='word_1_279' title='bbox 1085 2970 1233 3021; x_wconf 74' lang='lat' dir='ltr'><strong>duos,</strong></span> 
     </span>
     <span class='ocr_line' id='line_1_39' title="bbox 19 3038 1261 3110; baseline -0.001 -18"><span class='ocrx_word' id='word_1_280' title='bbox 19 3042 25 3091; x_wconf 62' lang='lat'><strong>4³</strong></span> <span class='ocrx_word' id='word_1_281' title='bbox 58 3038 202 3093; x_wconf 75' lang='lat' dir='ltr'><strong>nulla.</strong></span> <span class='ocrx_word' id='word_1_282' title='bbox 230 3040 375 3093; x_wconf 83' lang='lat' dir='ltr'><strong>videt</strong></span> <span class='ocrx_word' id='word_1_283' title='bbox 403 3057 662 3108; x_wconf 90' lang='lat' dir='ltr'><strong>quaerens</strong></span> <span class='ocrx_word' id='word_1_284' title='bbox 692 3040 838 3092; x_wconf 85' lang='lat' dir='ltr'><strong>taciti</strong></span> <span class='ocrx_word' id='word_1_285' title='bbox 867 3040 1090 3110; x_wconf 84' lang='lat' dir='ltr'><strong>vestigia.</strong></span> <span class='ocrx_word' id='word_1_286' title='bbox 1118 3039 1261 3092; x_wconf 86' lang='lat' dir='ltr'><strong>furti.</strong></span> 
     </span>
     <span class='ocr_line' id='line_1_40' title="bbox 130 3109 1878 3173; baseline -0.001 -10"><span class='ocrx_word' id='word_1_287' title='bbox 130 3117 359 3164; x_wconf 84' lang='lat' dir='ltr'><strong>traxerat</strong></span> <span class='ocrx_word' id='word_1_288' title='bbox 388 3129 599 3164; x_wconf 88' lang='lat' dir='ltr'><strong>aversos</strong></span> <span class='ocrx_word' id='word_1_289' title='bbox 632 3109 808 3164; x_wconf 87' lang='lat' dir='ltr'><strong>Cacus</strong></span> <span class='ocrx_word' id='word_1_290' title='bbox 838 3111 892 3163; x_wconf 92' lang='lat' dir='ltr'><strong>in</strong></span> <span class='ocrx_word' id='word_1_291' title='bbox 923 3120 1074 3163; x_wconf 88' lang='lat' dir='ltr'><strong>antra</strong></span> <span class='ocrx_word' id='word_1_292' title='bbox 1102 3111 1275 3173; x_wconf 83' lang='lat' dir='ltr'><strong>ferox,</strong></span> <span class='ocrx_word' id='word_1_293' title='bbox 1795 3131 1878 3170; x_wconf 87' lang='lat'><strong>550</strong></span> 
     </span>
    </p>

    <p class='ocr_par' dir='ltr' id='par_1_3' title="bbox 61 3176 1420 3250">
     <span class='ocr_line' id='line_1_41' title="bbox 61 3176 1420 3250; baseline 0.001 -17"><span class='ocrx_word' id='word_1_294' title='bbox 61 3176 260 3245; x_wconf 77' lang='lat' dir='ltr'><strong>Cacus,</strong></span> <span class='ocrx_word' id='word_1_295' title='bbox 290 3182 590 3246; x_wconf 86' lang='lat' dir='ltr'><strong>Aventinae</strong></span> <span class='ocrx_word' id='word_1_296' title='bbox 620 3182 776 3234; x_wconf 90' lang='lat' dir='ltr'><strong>timor</strong></span> <span class='ocrx_word' id='word_1_297' title='bbox 805 3191 963 3250; x_wconf 89' lang='lat' dir='ltr'><strong>atque</strong></span> <span class='ocrx_word' id='word_1_298' title='bbox 993 3181 1210 3233; x_wconf 87' lang='lat' dir='ltr'><strong>infamia</strong></span> <span class='ocrx_word' id='word_1_299' title='bbox 1241 3182 1420 3245; x_wconf 87' lang='lat' dir='ltr'><strong>silvae,</strong></span> 
     </span>
    </p>

    <p class='ocr_par' dir='ltr' id='par_1_4' title="bbox 60 3251 1319 3394">
     <span class='ocr_line' id='line_1_42' title="bbox 101 3251 1319 3323; baseline 0.001 -20"><span class='ocrx_word' id='word_1_300' title='bbox 101 3264 106 3270; x_wconf 87' lang='grc'><em>·</em></span> <span class='ocrx_word' id='word_1_301' title='bbox 131 3269 236 3304; x_wconf 88' lang='lat' dir='ltr'><strong>non</strong></span> <span class='ocrx_word' id='word_1_302' title='bbox 263 3251 380 3315; x_wconf 75' lang='lat' dir='ltr'><strong>leve</strong></span> <span class='ocrx_word' id='word_1_303' title='bbox 406 3252 642 3306; x_wconf 85' lang='lat' dir='ltr'><strong>&#39;finitimis</strong></span> <span class='ocrx_word' id='word_1_304' title='bbox 672 3252 1073 3323; x_wconf 85' lang='lat' dir='ltr'><strong>hospitibusque</strong></span> <span class='ocrx_word' id='word_1_305' title='bbox 1102 3253 1319 3304; x_wconf 89' lang='lat' dir='ltr'><strong>malum.</strong></span> 
     </span>
     <span class='ocr_line' id='line_1_43' title="bbox 60 3318 1314 3394; baseline 0 -19"><span class='ocrx_word' id='word_1_306' title='bbox 60 3318 175 3375; x_wconf 76' lang='lat' dir='ltr'><strong>dira</strong></span> <span class='ocrx_word' id='word_1_307' title='bbox 201 3322 312 3375; x_wconf 86' lang='lat' dir='ltr'><strong>viro</strong></span> <span class='ocrx_word' id='word_1_308' title='bbox 341 3322 527 3386; x_wconf 89' lang='lat' dir='ltr'><strong>facies,</strong></span> <span class='ocrx_word' id='word_1_309' title='bbox 557 3323 694 3377; x_wconf 88' lang='lat' dir='ltr'><strong>vires</strong></span> <span class='ocrx_word' id='word_1_310' title='bbox 723 3342 818 3394; x_wconf 89' lang='lat' dir='ltr'><strong>pro</strong></span> <span class='ocrx_word' id='word_1_311' title='bbox 850 3341 1092 3393; x_wconf 85' lang='lat' dir='ltr'><strong>corpore,</strong></span> <span class='ocrx_word' id='word_1_312' title='bbox 1123 3342 1314 3393; x_wconf 91' lang='lat' dir='ltr'><strong>corpus</strong></span> 
     </span>
    </p>

    <p class='ocr_par' dir='ltr' id='par_1_5' title="bbox 87 3389 1597 3464">
     <span class='ocr_line' id='line_1_44' title="bbox 87 3389 1597 3464; baseline 0 -18"><span class='ocrx_word' id='word_1_313' title='bbox 87 3427 90 3430; x_wconf 97' lang='lat'>-</span> <span class='ocrx_word' id='word_1_314' title='bbox 131 3393 328 3462; x_wconf 81' lang='lat' dir='ltr'><strong>grande</strong></span> <span class='ocrx_word' id='word_1_315' title='bbox 356 3404 430 3432; x_wconf 71' lang='lat'><strong>&#39;—</strong></span> <span class='ocrx_word' id='word_1_316' title='bbox 456 3404 607 3464; x_wconf 89' lang='lat' dir='ltr'><strong>pater</strong></span> <span class='ocrx_word' id='word_1_317' title='bbox 634 3395 854 3447; x_wconf 88' lang='lat' dir='ltr'><strong>monstri</strong></span> <span class='ocrx_word' id='word_1_318' title='bbox 883 3389 1150 3448; x_wconf 74' lang='lat' dir='ltr'><strong>Mulciber</strong></span> <span class='ocrx_word' id='word_1_319' title='bbox 1179 3394 1338 3447; x_wconf 89' lang='lat' dir='ltr'><strong>huius</strong></span> <span class='ocrx_word' id='word_1_320' title='bbox 1370 3404 1478 3447; x_wconf 88' lang='lat' dir='ltr'><strong>erat</strong></span> <span class='ocrx_word' id='word_1_321' title='bbox 1509 3427 1597 3458; x_wconf 85' lang='lat'><strong>—‚</strong></span> 
     </span>
    </p>
   </div>
   <div class='ocr_carea' id='block_1_3' title="bbox 61 3463 1875 3536">
    <p class='ocr_par' dir='ltr' id='par_1_6' title="bbox 61 3463 1875 3536">
     <span class='ocr_line' id='line_1_45' title="bbox 61 3463 1875 3536; baseline 0.004 -22"><span class='ocrx_word' id='word_1_322' title='bbox 61 3476 258 3532; x_wconf 76' lang='lat' dir='ltr'><strong>proque</strong></span> <span class='ocrx_word' id='word_1_323' title='bbox 289 3463 444 3529; x_wconf 90' lang='lat' dir='ltr'><strong>domo</strong></span> <span class='ocrx_word' id='word_1_324' title='bbox 474 3465 645 3535; x_wconf 86' lang='lat' dir='ltr'><strong>longis</strong></span> <span class='ocrx_word' id='word_1_325' title='bbox 677 3466 928 3536; x_wconf 88' lang='lat' dir='ltr'><strong>spelunca</strong></span> <span class='ocrx_word' id='word_1_326' title='bbox 958 3465 1251 3519; x_wconf 87' lang='lat' dir='ltr'><strong>recessibus</strong></span> <span class='ocrx_word' id='word_1_327' title='bbox 1283 3466 1488 3535; x_wconf 81' lang='lat' dir='ltr'><strong>ingenS,</strong></span> <span class='ocrx_word' id='word_1_328' title='bbox 1791 3484 1875 3521; x_wconf 81' lang='lat'><strong>555</strong></span> 
     </span>
    </p>
   </div>
   <div class='ocr_carea' id='block_1_4' title="bbox 0 1717 23 3147">
    <p class='ocr_par' dir='ltr' id='par_1_7' title="bbox 0 1717 23 3147">
     <span class='ocr_line' id='line_1_46' title="bbox 0 1717 23 2208; baseline 0 -262"><span class='ocrx_word' id='word_1_329' title='bbox 0 1717 23 2208; x_wconf 95' lang='lat' dir='ltr'><strong>     </strong></span> 
     </span>
     <span class='ocr_line' id='line_1_47' title="bbox 0 2208 14 2586; baseline 0 -108"><span class='ocrx_word' id='word_1_330' title='bbox 0 2208 14 2586; x_wconf 95' lang='lat' dir='ltr'><strong>   </strong></span> 
     </span>
     <span class='ocr_line' id='line_1_48' title="bbox 0 2586 15 2933; baseline 0 -43"><span class='ocrx_word' id='word_1_331' title='bbox 0 2586 15 2933; x_wconf 95' lang='lat' dir='ltr'><strong>    </strong></span> 
     </span>
     <span class='ocr_line' id='line_1_49' title="bbox 0 2933 19 3147; baseline 0 0"><span class='ocrx_word' id='word_1_332' title='bbox 0 2933 19 3147; x_wconf 95' lang='lat' dir='ltr'><strong>  </strong></span> 
     </span>
    </p>
   </div>
  </div>
 </body>
</html>
