2158 3906
436 346 749 398 TRISTIUM
777 347 899 392 ΜΒ.
931 347 1018 392 111.
1050 347 1133 405 vl,
1165 347 1408 405 17—vl11,
1438 348 1480 393 8.

110 452 203 509 sed
233 468 438 512 vereor,
469 468 535 502 ne
565 458 616 502 te
647 468 766 503 mea
794 468 935 502 nunc
965 448 1177 502 fortuna
1205 449 1454 512 retardet,

180 531 403 594 postque
433 537 577 573 meos
609 538 762 573 casus
794 520 860 572 sit
890 519 985 571 tibi
1015 529 1199 589 pectus
1228 519 1385 572 iners.

111 594 238 648 dum
266 591 436 655 licuit,
467 599 559 643 tua
589 610 745 660 saepe
775 590 928 653 mihi,
959 590 1055 642 tibi
1084 599 1265 643 nostra
1293 591 1559 661 legebam:

180 682 335 734 saepe
366 662 443 715 tui
472 661 656 723 iudex,
689 680 845 731 saepe
877 662 1128 730 magister
1157 680 1323 715 eram:

109 743 201 790 aut
231 752 331 805 ego
398 732 677 786 raebebam
710 732 862 784 factis
892 732 1050 784 modo
1081 733 1319 786 versibus
1350 751 1522 795 aures,

179 814 292 868 aut,
322 823 357 857 u
397 804 414 856 i
445 822 702 866 cessaras,
735 822 895 856 causa
924 803 1128 855 ruboris
1161 822 1321 856 eram.

108 875 326 930 forsitan
356 874 596 944 exemplo
607 913 621 937 ,
654 874 778 943 quia
807 893 891 927 me
921 874 1119 926 laesere
1150 874 1327 935 libelli,

179 958 237 1000 tu
267 963 477 1016 quoque
509 945 578 998 sis
610 963 810 1015 poenae
841 945 981 997 facta
1011 944 1230 997 remissa
1261 945 1441 998 meae?

107 1036 265 1090 pone,
295 1017 517 1078 Perilla‚
546 1024 770 1069 metum:
802 1015 1164 1068 tantummodo
1196 1015 1393 1068 femina
1422 1016 1567 1069 nulla

177 1106 275 1142 nec
304 1087 507 1141 iuvenis
539 1087 744 1157 scriptis
776 1086 943 1140 discat
973 1106 1150 1140 amare
1181 1087 1300 1139 tuis·

12 1150 14 1156 ’
106 1177 232 1242 ergo
264 1158 496 1212 desidiae
525 1176 761 1221 remove,
794 1157 1118 1220 doctissima,
1151 1176 1353 1219 causas,

175 1247 335 1299 mque
366 1229 531 1282 bonas
563 1238 700 1282 artes
732 1237 783 1281 et
813 1237 904 1281 tua
935 1246 1083 1280 sacra
1112 1227 1239 1280 redi.

12 1304 13 1307 ’
60 1287 206 1355 Tista
235 1300 426 1355 decens
457 1299 620 1353 facies
649 1299 820 1369 longis
851 1298 1120 1351 vitiabitur
1151 1297 1318 1360 annis,

175 1389 414 1454 rugaque
442 1370 496 1423 in
529 1370 745 1439 antiqua
773 1370 944 1422 fronte
976 1368 1152 1422 senilis
1183 1368 1298 1430 erit,

60 1463 62 1466 ·
103 1441 385 1510 inicietque
415 1460 632 1495 manum
661 1441 862 1494 formae
894 1440 1149 1492 damnosa
1179 1447 1440 1501 senectus,

174 1530 312 1582 quae
344 1512 616 1596 strepitum
646 1530 808 1582 passu
838 1528 943 1563 non
975 1509 1200 1563 faciente
1231 1509 1390 1562 venit.

77 1591 331 1654 cumque
362 1583 549 1652 ahquis
580 1582 719 1636 dicet
750 1581 873 1634 ‘fuit
903 1580 1034 1634 haec
1064 1580 1335 1642 formosa',
1367 1579 1587 1643 dolebis,

176 1663 228 1709 et
257 1674 281 1708 s
321 1654 530 1708 eculum
559 1653 788 1707 mendax
819 1671 933 1706 esse
963 1669 1184 1720 querere
1215 1661 1383 1703 tuum.

67 1761 74 1769 ·
103 1734 225 1780 sunt
254 1734 294 1778 t1
331 1725 349 1778 i
379 1743 506 1849 opes
537 1723 798 1786 modicae,
833 1742 953 1777 cum
985 1723 1054 1776 sis
1086 1722 1396 1793 dignissima
1426 1722 1657 1792 magnis:

175 1797 316 1867 finge
348 1815 402 1850 se
470 1794 720 1849 inmensis
753 1794 999 1848 censibus
1031 1813 1144 1847 esse
1176 1812 1345 1864 pares,

104 1886 294 1938 nempe
325 1866 413 1921 dat
445 1875 497 1920 et
526 1866 839 1935 cuicumque
869 1865 997 1918 libet
1027 1865 1240 1917 fortuna
1269 1865 1529 1935 rapitque,

173 1939 291 1991 Irus
324 1947 374 1992 et
405 1946 484 1991 est
513 1937 715 2000 subit0,
746 1936 837 2006 qui
868 1935 1024 1988 modo
1058 1933 1289 1989 Croesus
1321 1946 1449 1989 erat.

103 2009 312 2080 singula
341 2008 470 2078 quid
499 2008 756 2062 referam?
787 2007 859 2059 nil
889 2025 996 2060 non
1027 2007 1247 2060 mortale
1278 2016 1518 2060 tenemus

173 2080 399 2151 pectoris
431 2080 664 2149 exceptis
694 2078 998 2148 ingeniique
1028 2078 1198 2130 bonis,

101 2158 325 2221 enss'eg0‚
357 2169 477 2203 cum
509 2150 679 2220 patria
709 2168 918 2202 caream
947 2148 1203 2217 vobisque
1234 2148 1516 2217 domoque,

173 2230 429 2292 raptaque
460 2221 587 2283 sint,
619 2220 779 2273 adimi
811 2237 947 2289 quae
977 2230 1195 2289 potuere
1227 2218 1373 2282 mihi,

103 2291 315 2363 ingenio
346 2301 523 2346 tamen
553 2292 666 2362 ipse
696 2309 815 2344 meo
847 2291 1171 2358 comitorque
1202 2289 1480 2359 fruorque:

177 2361 376 2416 Caesar
404 2363 459 2415 in
488 2362 589 2416 hoc
618 2362 788 2432 potuit
817 2362 944 2415 iuris
974 2360 1170 2414 habere
1200 2360 1344 2413 nihil.

0 2456 5 2478 2
104 2433 324 2504 quilibet
353 2432 491 2488 hanc
521 2451 679 2486 saevo
711 2433 872 2486 vitam
903 2432 1031 2485 mihi
1060 2431 1209 2485 finiat
1239 2450 1388 2484 ense:

173 2523 258 2558 me
286 2513 464 2558 tamen
495 2504 724 2558 extincto
754 2504 898 2556 fama
929 2512 1194 2574 superstes
1225 2502 1340 2565 erit,

105 2574 335 2645 dumque
367 2575 475 2629 suis
505 2584 709 2646 septem
737 2575 927 2629 victrix
957 2574 1022 2627 de
1055 2574 1322 2626 montibus
1354 2573 1538 2628 orbem

174 2646 455 2717 prospiciet
486 2646 742 2700 domitum
774 2646 974 2699 Martia
1003 2645 1199 2707 Roma,
1231 2645 1395 2715 legar.

106 2723 164 2769 tu
193 2734 428 2787 quoque,
459 2735 620 2786 quam
651 2716 809 2771 studii
841 2725 1052 2770 maneat
1082 2716 1284 2770 felicior
1313 2735 1458 2778 usuS,

175 2787 352 2858 effuge
382 2797 655 2852 venturos,
687 2806 794 2856 qua
822 2798 998 2858 poteS,
1029 2805 1198 2855 usque
1228 2786 1409 2856 rogos!

873 2900 1031 2954 VIII.

106 2998 260 3054 Nunc
289 3018 390 3072 ego
420 2999 732 3071 Triptolemi
768 3018 1014 3069 cuperem
1047 2997 1399 3051 conscendere
1431 3015 1633 3060 curruS‚

177 3070 317 3124 misit
345 3072 400 3124 in
430 3071 667 3140 ignotam
697 3071 802 3139 qui·
818 3070 949 3122 rude
981 3088 1161 3122 semen
1190 3068 1435 3121 humum:

107 3158 247 3195 nunc
276 3160 376 3213 ego
406 3141 634 3195 Medeae
665 3142 854 3195 vellem
885 3141 1092 3193 frenare
1124 3140 1395 3200 draconeS,

178 3228 309 3280 quos
340 3212 525 3265 habuit
554 3212 765 3282 fugiens
797 3230 939 3274 arce,
974 3209 1255 3272 Corinthe,
1287 3219 1402 3262 tua:

109 3297 250 3336 nunc
279 3301 378 3353 ego
407 3283 679 3336 iactandas
710 3302 740 3336 o
781 3292 945 3336 tarem
976 3300 1183 3335 sumere
1223 3281 1433 3350 pinnas,

181 3352 290 3406 sive
319 3362 436 3406 tuas
446 3393 461 3417 ,
491 3354 719 3416 Persen,
743 3303 1017 3415 Ilbaedale,
1051 3353 1161 3405 sive
1191 3361 1334 3404 tuas:

110 3428 171 3475 nt
197 3431 375 3476 tenera
403 3426 591 3478 nostris
623 3426 839 3479 cedente
871 3423 1133 3477 volatibus
1164 3443 1293 3475 aura

183 3493 467 3564 aspicerem
495 3496 694 3566 patriae
726 3496 878 3549 dulce
909 3503 1123 3566 repente
1154 3494 1339 3556 solum,

1846 747 1899 786 25

1845 1102 1901 1142 30

1844 1455 1898 1494 35

1846 1811 1900 1848 40

1844 2166 1898 2204 45

1844 2521 1899 2559 50
