2158 3906
357 329 462 382 226
916 338 970 381 P.
1003 338 1211 384 OVIDII
1238 336 1510 383 NASONIS

361 443 454 495 sed
484 460 654 508 neque
685 439 934 510 pervenio
966 440 1170 509 scriptis
1200 439 1556 492 mediocribus
1585 438 1738 501 istuc,

433 513 679 579 famaque
711 529 832 562 cum
863 510 1074 562 domino
1105 509 1244 579 fugit
1274 509 1342 562 ab
1372 510 1503 562 urbe
1535 527 1646 561 suo.

277 601 330 639 85
361 601 584 650 vosque,
616 580 808 648 quibus
839 580 993 649 perii,
1023 589 1149 632 tunc
1180 598 1302 633 cum
1330 599 1450 633 mea
1478 580 1623 632 fama
1652 580 1859 649 sepulta
1890 588 1988 644 est,

438 669 579 704 nunc
610 668 820 719 quoque
850 650 916 703 de
946 659 1126 703 nostra
1155 660 1324 704 morte
1353 659 1527 704 tacere
1557 669 1690 704 reor.

1165 764 1266 818 VI.

361 863 596 932 Ecquid,
626 871 687 916 ut
716 862 910 916 audisti
939 893 1009 901 —
1037 882 1161 915 nam
1191 871 1243 915 te
1274 862 1483 914 diversa
1511 861 1725 914 tenebat
1851 859 2071 904 GRAE-

433 944 573 987 terra
601 964 672 971 —
700 952 847 986 meos
879 952 1057 996 casUS,
1090 951 1179 986 cor
1207 932 1305 985 tibi
1333 932 1479 985 triste
1508 931 1642 984 fuit?
1860 917 1933 960 CI
1938 916 1994 959 N
1999 916 2050 959 0·

364 1006 659 1058 dissimules
690 1014 1002 1073 metuasque
1031 1004 1177 1066 licet,
1211 1002 1499 1066 Graecine,
1529 1002 1707 1057 fateri:

436 1077 477 1129 si
507 1077 644 1129 bene
674 1084 726 1129 te
756 1075 904 1137 novi,
936 1075 1082 1130 triste
1112 1074 1275 1132 fuisse
1305 1075 1487 1141 liquet.

309 1165 333 1203 5
364 1166 471 1201 non
503 1147 642 1209 cadit
671 1147 726 1199 in
756 1164 927 1198 mores
957 1145 1139 1199 feritas
1168 1144 1465 1197 inamabilis
1495 1144 1639 1207 istos,

436 1237 534 1271 nec
563 1218 737 1270 minus
769 1236 801 1270 a
831 1216 1017 1269 studiis
1048 1216 1265 1269 dissidet
1292 1215 1384 1268 illa
1413 1215 1534 1268 tuis.

366 1290 566 1342 artibus
596 1288 865 1358 ingenuiS‚
896 1305 1121 1356 quarum
1150 1287 1246 1340 tibi
1274 1286 1506 1339 maxima
1536 1303 1663 1338 cura
1691 1293 1786 1349 est,

436 1370 650 1430 pectora
680 1360 992 1412 mollescunt
1023 1358 1382 1428 asperitasque
1412 1357 1566 1427 fugit.

365 1450 463 1484 nec
494 1431 775 1498 quisquam
804 1430 1018 1482 meliore
1047 1430 1151 1482 fide
1183 1428 1547 1499 complectitur
1575 1427 1710 1489 illas,

284 1519 336 1558 10
439 1520 546 1570 qua
576 1501 698 1553 sinit
728 1500 963 1553 officium
992 1500 1311 1568 militiaeque
1340 1499 1505 1551 labor.

368 1583 506 1625 certe
537 1591 662 1641 eg0‚
694 1590 816 1624 cum
845 1571 1072 1640 primum
1102 1571 1252 1640 potui
1283 1570 1475 1623 sentire
1506 1568 1635 1636 quid
1666 1586 1850 1631 essem,
1881 1598 1955 1606 —-

438 1663 563 1695 nam
593 1642 693 1694 fuit
722 1642 942 1694 attonito
972 1661 1120 1694 mens
1150 1641 1279 1692 mihi
1309 1641 1456 1692 nulla
1486 1640 1578 1691 diu
1606 1670 1678 1676 —-

365 1713 468 1766 hoc
498 1731 708 1781 quoque
737 1712 1003 1765 fortunam
1036 1712 1198 1774 sensi,
1229 1712 1374 1779 quod
1404 1711 1604 1763 amicus
1635 1710 1864 1773 abesses,

440 1785 531 1852 qui
560 1784 690 1835 mihi
719 1783 1041 1852 praesidium
1070 1783 1272 1852 grande
1302 1782 1512 1834 futurus
1545 1799 1677 1833 eras.

284 1871 336 1910 15
368 1864 543 1908 tecum
574 1864 700 1907 tunc
731 1854 949 1907 aberant
981 1872 1171 1922 aegrae
1203 1853 1398 1905 solacia
1427 1851 1634 1913 mentis,

439 1943 737 1995 magnaque
766 1943 888 1993 pars
919 1923 1080 1975 animi
1110 1923 1418 1991 consiliique
1448 1921 1569 1974 mei.

369 2005 424 2049 at
453 2015 619 2058 nunc,
650 1995 793 2063 quod
824 2003 1086 2064 superest,
1117 1993 1198 2047 fer
1226 2012 1398 2063 opem,
1427 2010 1629 2062 precor,
1661 1992 1866 2045 eminus
1897 2011 2076 2057 unam,

443 2067 796 2134 adloquioque
826 2066 952 2118 iuva
980 2074 1195 2135 pectora
1223 2073 1403 2117 nostra
1432 2073 1541 2127 tuo,

370 2157 532 2207 quae,
563 2156 669 2189 non
699 2136 942 2189 mendaci
972 2136 1016 2188 si
1045 2136 1330 2204 quicquam
1360 2135 1528 2188 credis
1559 2134 1745 2198 amicO‚

284 2225 340 2264 20
442 2209 602 2261 stulta
630 2208 800 2278 magis
832 2207 958 2269 dici,
990 2225 1152 2276 quam
1184 2207 1461 2270 scelerata,
1493 2206 1660 2259 decet.

368 2298 467 2333 nec
496 2280 658 2332 breve
688 2297 786 2332 nec
816 2287 1012 2340 tutum,
1046 2278 1248 2348 peccati
1279 2295 1416 2346 quae
1448 2277 1513 2329 sit
1543 2277 1710 2346 orig0‚

443 2350 693 2403 scribere:
725 2349 938 2402 tractari
966 2350 1186 2402 vulnera
1214 2357 1393 2401 nostra
1421 2348 1621 2400 timent.

370 2422 548 2489 qualia
577 2439 789 2489 quoque
818 2420 975 2472 modo
1006 2419 1135 2471 mihi
1165 2419 1268 2471 sint
1299 2438 1363 2471 ea
1391 2419 1556 2480 facta,
1588 2435 1776 2488 rogare

442 2492 645 2544 desine:
676 2509 783 2543 non
814 2491 1006 2560 agites,
1038 2490 1081 2542 si
1111 2508 1217 2558 qua
1247 2489 1385 2542 coire
1415 2490 1562 2542 velis.

286 2578 339 2617 25
372 2562 624 2631 quicquid
652 2561 708 2614 id
738 2570 841 2624 est,
872 2570 932 2613 ut
961 2579 1067 2613 non
1097 2560 1330 2623 facinuS,
1361 2560 1435 2612 sic
1467 2560 1622 2629 culpa
1653 2559 1892 2613 vocanda
1922 2568 2018 2613 est.

444 2633 612 2685 omnis
643 2652 711 2684 an
739 2632 795 2684 in
823 2650 1046 2702 magnos
1077 2632 1232 2701 culpa
1262 2631 1388 2684 deos
1419 2631 1589 2684 scelus
1621 2632 1731 2683 est?

373 2703 508 2774 Spes
538 2703 700 2773 igitur
729 2702 892 2756 menti
920 2721 1145 2773 poenae,
1179 2700 1466 2764 Graecine,
1496 2702 1752 2755 levandae

442 2792 549 2827 non
580 2782 659 2827 est
689 2793 754 2827 ex
781 2782 891 2827 toto
921 2774 1067 2826 nulla
1095 2773 1277 2826 relicta
1305 2791 1472 2826 meae.

364 2845 503 2904 haec
535 2845 656 2907 dea,
689 2863 810 2898 cum
839 2845 1085 2915 fugerent
1115 2844 1394 2910 sceleratas
1423 2843 1643 2896 numina
1672 2852 1854 2907 terras,

288 2934 342 2973 30
443 2917 499 2968 in
530 2916 608 2968 dis
638 2916 809 2969 invisa
840 2917 950 2968 sola
978 2915 1230 2970 remansit
1259 2914 1444 2967 humo:

371 2987 503 3040 haec
532 2987 683 3050 facit,
713 2996 772 3039 ut
800 2986 944 3040 vivat
972 2986 1142 3039 fossor
1171 3004 1382 3055 quoque
1413 2985 1667 3055 compede
1698 2984 1906 3038 vinctus

442 3058 714 3126 liberaque
746 3078 777 3110 a
806 3057 945 3111 ferro
976 3077 1129 3111 crura
1158 3057 1338 3110 futura
1367 3065 1541 3126 putet:

372 3129 504 3181 haec
533 3128 682 3191 facit,
713 3138 796 3193 ut,
828 3128 1004 3181 videat
1035 3147 1156 3181 cum
1186 3136 1351 3181 terras
1379 3126 1615 3195 undique
1644 3127 1832 3188 nullas,

442 3199 733 3269 naufragus
761 3200 817 3252 in
846 3199 1031 3252 mediis
1061 3198 1307 3252 bracchia
1334 3198 1493 3251 iactet
1523 3196 1697 3265 aquis:

289 3286 342 3326 35
375 3289 532 3339 saepe
563 3270 793 3337 aliquem
822 3270 1003 3322 sollers
1032 3269 1357 3322 medicorum
1387 3286 1513 3320 cura
1541 3267 1768 3335 reliquit,

312 3352 314 3357 '
444 3358 543 3393 nec
574 3359 692 3410 spes
723 3340 846 3393 huic
876 3358 1012 3393 vena
1042 3339 1316 3393 deficiente
1347 3337 1511 3391 cadit:

375 3429 582 3464 carcere
614 3410 859 3464 dicuntur
888 3409 1054 3462 clausi
1084 3428 1294 3479 sperare
1325 3408 1564 3469 salutem,

446 3490 604 3550 atque
636 3482 823 3551 aliquis
852 3481 1088 3570 pendens
1118 3480 1174 3535 in
1203 3497 1357 3534 cruce
1387 3487 1511 3533 vota
1539 3479 1689 3532 facit:
