2158 3906
7 0 99 160 5

21 161 73 220 ,ἐ

433 339 749 388 TRISTIUM
776 340 897 385 LIB.
930 341 1012 387 lv.
1045 341 1132 397 ΙΙΙ,
1163 341 1359 397 63-1V,
1388 342 1459 386 64.
1699 329 1801 383 173

95 454 154 501 ut
183 442 614 515 non²debuerim,
645 452 820 496 tamen
852 442 952 496 hoc
983 461 1082 512 ego
1114 443 1310 497 crimen
1340 442 1573 496 habebo:

58 515 61 518 ’
164 533 269 569 non
299 513 399 568 fuit
430 513 631 566 arbitrii
660 514 833 567 littera
862 523 1039 566 nostra
1069 514 1160 566 tui.

94 604 191 642 nec
220 603 381 648 nova,
412 585 556 654 quod
586 594 760 638 tecum
790 585 1000 653 loquor,
1032 594 1112 638 est
1142 584 1331 637 iniuria
1362 594 1555 648 nostra,

53 711 59 717 ,
163 654 438 711 incolumis
470 672 727 724 cum-quo
759 674 915 725 saepe
944 655 1150 708 locutus
1181 674 1340 708 eram.

32 729 33 732 ’
58 773 62 791 ss
93 744 199 798 quo
230 741 442 780 vereare
472 726 670 789 minus,
702 744 770 780 ne
801 726 899 779 sim
928 726 1022 778 tibi
1053 726 1251 780 crimen
1281 726 1502 779 amicus:
1831 742 1884 782 25

56 811 60 816 '
165 796 440 861 invidiam,
473 796 515 850 si
546 815 652 866 qua
682 806 784 860 est,
816 805 998 850 auctor
1027 796 1222 851 habere
1253 807 1440 868 potest.

93 887 216 924 nam
246 876 369 922 tuus
400 876 479 922 est
507 867 688 939 primis
720 867 893 921 cultus
923 867 1053 920 mihi
1083 887 1290 938 semper
1319 869 1387 921 ab
1418 868 1568 921 annis
1597 898 1671 907 —

11 990 13 999 ς
41 990 46 995 .
164 939 262 993 hoc
292 947 431 993 certe
461 938 569 992 noli
601 938 930 993 dissimulare
957 969 1031 977 —-
1059 949 1225 1009 pater,

54 1021 59 1046 ⁹
90 1009 467 1082 ingeniumque
499 1029 676 1064 meum
706 1009 880 1080 (potes
911 1009 1012 1064 hoc
1041 1010 1366 1079 meminisse)
1396 1009 1656 1080 probabat

54 1095 75 1144 2
163 1082 281 1152 plus
313 1081 495 1148 etiam,
527 1099 686 1151 quam
718 1099 802 1135 me
833 1081 1006 1135 iudice
1037 1081 1227 1152 dignus
1259 1100 1418 1135 eram.
1828 1096 1884 1136 30

54 1150 72 1194 ⁸
90 1150 263 1221 deque
293 1152 423 1206 meis
453 1152 542 1205 illo
572 1151 835 1206 referebat
864 1152 1103 1205 versibus
1134 1170 1240 1214 ore,

52 1221 83 1277 ἑὲ
160 1222 215 1276 in
247 1241 353 1293 quo
384 1241 503 1294 pars
535 1242 760 1294 magnae
789 1222 1075 1276 nobilitatis
1105 1236 1232 1275 erat.

54 1303 71 1350 >ss
89 1310 195 1347 non
225 1293 386 1347 ioitur
415 1294 510 1347 tibi
539 1312 705 1357 nunc,
739 1294 882 1363 quod
912 1311 996 1346 me
1027 1293 1214 1345 domus
1244 1293 1344 1345 ista
1373 1293 1587 1363 recepit,

13 1372 15 1413 J
55 1370 69 1423 θ’
163 1339 277 1418 sedo
287 1373 409 1418 sunt
440 1365 639 1419 auctori
668 1365 774 1417 iam
805 1364 927 1417 data
959 1363 1120 1416 verba
1150 1373 1257 1415 tuo·

13 1447 15 1453 ’
51 1440 187 1511 *ξμηθο
219 1435 342 1489 data
372 1445 516 1499 sunt,
547 1435 676 1488 mihi
706 1435 884 1498 crede,
915 1443 1115 1486 tamen:
1148 1433 1241 1487 sed
1271 1433 1326 1486 in
1356 1433 1603 1487 omnibus
1634 1434 1782 1498 actis,
1828 1451 1882 1491 35

14 1512 15 1515 ’
57 1512 79 1551 ἐν
161 1505 345 1559 ultima
375 1506 419 1559 si
450 1506 654 1569 demas,
685 1505 793 1558 vita
822 1504 1020 1558 tuenda
1050 1522 1168 1558 mea
1199 1514 1293 1557 est.

14 1594 17 1600 ·
58 1639 62 1647 ,
90 1575 226 1631 hano
257 1594 491 1646 quoque,
522 1593 627 1645 qua
657 1575 812 1647 perii,
844 1575 1053 1645 culpam
1085 1575 1255 1628 scelus
1287 1592 1403 1628 esse
1433 1574 1672 1645 negabis,

160 1649 203 1701 si
234 1647 365 1701 tanti
396 1647 554 1701 series
585 1647 651 1701 sit
681 1646 775 1699 tibi
805 1655 931 1699 nota
964 1646 1103 1699 mali.

62 1767 63 1770 ,
89 1727 181 1773 aut
210 1718 486 1787 timoraut
515 1736 659 1772 error
688 1717 867 1780 nobis,
899 1717 1043 1800 prius
1075 1717 1227 1770 offuit
1259 1735 1416 1771 error.

15 1851 17 1858 χ
161 1788 214 1843 a!
238 1789 355 1844 sine
384 1807 469 1844 me
498 1788 594 1842 fati
623 1807 730 1842 non
759 1788 1060 1842 meminisse
1092 1788 1213 1850 mei,
1826 1806 1885 1846 40

72 1879 222 1914 >neve
251 1860 582 1915 retractando
612 1860 847 1913 nondum
877 1859 1120 1913 coeuntia
1150 1878 1337 1931 rumpe

78 1943 79 1946 ’
160 1931 401 1985 vulnera:
433 1931 523 1985 vix
552 1931 654 1985 illis
686 1931 918 2002 proderit
948 1930 1063 2000 ipsa
1093 1932 1259 1999 quies.

88 2021 215 2074 ergo
245 2011 305 2056 ut
333 2002 445 2056 iure
477 2003 663 2056 damus
695 2020 916 2074 poenas,
949 2002 1023 2055 sic
1054 2002 1186 2054 afuit
1216 2020 1371 2057 omne

158 2082 376 2144 peccato
406 2073 611 2127 facinus
643 2073 1024 2142 consiliumque
1055 2091 1190 2126 me0.

74 2144 246 2214 idque
278 2145 408 2198 deus
440 2144 620 2198 sentit:
652 2163 746 2215 pro
778 2162 883 2213 quo
914 2162 1012 2197 nec
1041 2144 1222 2197 lumen
1252 2144 1577 2215 ademptum,
1824 2160 1880 2200 45

66 2215 70 2263 ἶ
158 2234 256 2270 nec
285 2215 414 2268 mihi
444 2215 704 2269 detractas
735 2215 970 2286 possidet
1000 2215 1131 2268 alter
1161 2234 1305 2284 opes.

62 2285 305 2340 *forsitan
334 2286 470 2340 hanc
500 2286 695 2357 ipsam,
725 2286 871 2339 vivat
899 2286 1081 2349 mod0,
1112 2286 1258 2339 finiet
1289 2286 1429 2349 olim,

158 2367 392 2428 tempore
423 2375 545 2411 oum
575 2357 734 2411 fuerit
763 2357 930 2410 lenior
959 2357 1059 2419 ira,
1090 2356 1291 2427 sugam.

67 2445 227 2484 *nunc
255 2421 441 2500 pre'cor
469 2428 592 2482 hinc
622 2429 724 2481 alio
754 2428 934 2482 iubeat
966 2427 1259 2490 discedere,
1291 2428 1334 2481 si
1365 2446 1469 2481 non

57 2515 94 2563 ξ
158 2510 336 2553 nost-ra
365 2500 664 2554 verecundo
698 2509 819 2552 vota
848 2499 1050 2570 pudore
1082 2511 1277 2552 carent.
1825 2516 1882 2555 5ο

87 2570 262 2624 mitius
293 2570 508 2624 exilium
538 2571 803 2641 pauloque
833 2571 1177 2641 propinquius
1209 2582 1350 2641 opt0,

158 2641 352 2710 quique
383 2641 449 2695 sit
480 2661 511 2695 a
541 2660 698 2696 saevo
729 2642 939 2712 longius
971 2641 1117 2695 hoste
1149 2642 1312 2694 locus·

89 2719 335 2781 tantaque
364 2712 419 2765 in
449 2713 699 2783 Augusto
730 2713 1028 2766 clementia:
1062 2712 1105 2765 si
1135 2713 1253 2781 quis
1285 2713 1353 2765 ab
1383 2712 1473 2767 illo

76 2837 93 2843 x
157 2782 257 2836 hoc
287 2792 488 2854 peteret
516 2801 612 2853 pro
643 2802 751 2845 me,
782 2783 1002 2835 forsitan
1031 2783 1118 2836 ille
1150 2784 1312 2836 daret.

85 2852 279 2923 frigida
308 2873 392 2907 me
423 2853 671 2907 cohibent
699 2853 900 2906 Euxini
928 2854 1079 2906 litora
1109 2853 1292 2916 Ponti3
1825 2870 1879 2909 55

158 2924 328 2978 dictus
360 2924 426 2978 ab
457 2924 684 2993 antiquis
714 2925 938 2977 Axenus
968 2924 1055 2977 ille
1085 2924 1207 2976 fuit:

88 3012 208 3047 nam
238 3013 410 3064 neque
439 2995 701 3048 iactantur
730 2995 1010 3048 moderatis
1043 3012 1272 3063 aequora
1304 2995 1489 3059 ventiS,

157 3084 255 3119 nec
283 3066 518 3136 placidos
549 3075 731 3136 portus
761 3066 969 3136 hospita
999 3066 1147 3118 navis
1179 3066 1303 3118 adit.

88 3146 210 3188 sunt
237 3137 376 3191 circa
403 3146 613 3208 gentes,
646 3155 782 3206 quae
812 3137 1062 3207 praedam
1094 3137 1351 3206 sanguine
1383 3146 1668 3205 quaerunt:

103 3268 106 3270 ,
158 3225 256 3261 nec
285 3207 458 3261 minus
487 3208 650 3260 infida
680 3218 818 3261 terra
847 3208 1059 3260 timetur
1088 3225 1243 3276 aqua.
1825 3225 1881 3265 60

38 3336 44 3340 „
83 3274 186 3338 illi,
216 3295 347 3347 quos
379 3278 528 3332 audis
559 3279 831 3332 hominum
862 3279 1094 3350 gaudere
1126 3296 1327 3342 cruore,

87 3374 89 3377 ·
159 3366 326 3418 paene
357 3350 456 3417 sub
487 3350 725 3404 eiusdem
755 3350 938 3403 sideris
969 3369 1067 3402 axe
1097 3349 1284 3402 iacent.

85 3433 188 3484 §lec
215 3420 398 3489 procul
427 3439 460 3473 a
487 3420 639 3474 nobis
669 3421 817 3474 locus
849 3431 952 3484 est,
983 3421 1076 3474 ubi
1104 3420 1333 3473 Taurica
1365 3421 1478 3473 dira

98 3502 102 3551 ζ
162 3489 321 3544 caede
350 3490 681 3562 pharetratae
713 3492 977 3563 spargitur
1007 3511 1098 3545 ara
1130 3491 1274 3545 deae.
