2158 3906
448 388 537 434 EX
565 386 782 434 PONTO
813 385 934 431 LIB.
967 385 1050 432 IV.
1082 385 1166 442 lv,
1197 385 1394 443 15—V1‚
1423 386 1465 431 2.

75 535 77 539 -
103 493 224 548 luce
253 490 430 544 minus
461 489 666 544 decima
695 488 962 542 dominam
992 486 1212 542 venietis
1241 486 1295 541 in
1325 485 1529 550 urbem,

176 571 238 616 ut
266 559 572 616 festinatum
603 578 708 614 non
739 558 945 613 faciatis
974 557 1088 613 iter.

84 630 344 706 'protinus
374 630 497 686 inde
527 631 716 684 domus
747 630 896 685 vobis
925 628 1184 700 Pompeia
1213 638 1447 700 petatur:

177 721 285 758 non
315 711 394 756 est
424 702 675 772 Augusto
704 701 929 755 iunctior
957 701 1066 754 ulla
1093 700 1225 753 for0.

105 775 152 829 si
181 773 325 844 quis,
355 782 416 826 ut
444 771 497 825 in
530 772 750 843 populo,
781 771 872 841 qui
903 771 1014 824 sitis
1046 781 1099 825 et
1128 770 1294 835 unde,
1326 770 1572 841 requiret,

177 843 390 899 nomina
419 842 640 914 decepta
670 842 936 912 quaelibet
967 861 1093 895 aure
1122 842 1271 896 ferat.

103 925 166 970 ut
195 915 262 970 sit
292 913 432 969 enim
462 922 660 978 tutum,
692 913 827 968 sicut
855 932 974 967 reor
1004 932 1141 976 esse,
1171 913 1342 978 fateri,

177 985 341 1041 verba
369 984 542 1038 minus
575 993 715 1039 certe
745 985 866 1038 ficta
896 984 1097 1037 timoris
1128 983 1340 1038 habent.

86 1057 260 1130 ”copia
287 1074 386 1128 nec
416 1055 568 1110 vobis
598 1055 743 1109 nullo
773 1054 1083 1126 prohibente
1113 1054 1328 1109 videndi
1371 1061 1374 1064 ’

178 1127 431 1191 consulis,
463 1136 522 1181 ut
549 1125 711 1181 limen
742 1125 1090 1197 contigeritis,
1121 1126 1234 1179 erit.

104 1207 198 1253 aut
227 1207 378 1270 reget
407 1197 493 1253 ille
524 1215 647 1252 suos
678 1197 900 1252 dicendo
930 1197 1046 1251 iura
1076 1195 1328 1264 Quirites,

78 1291 79 1294 ¹
177 1270 523 1341 conspicuum
554 1269 718 1340 signis
749 1287 871 1323 cum
900 1278 1103 1340 premet
1133 1268 1269 1321 altus
1301 1268 1457 1322 ebur:

102 1349 198 1396 aut
226 1340 408 1412 populi
435 1339 635 1395 reditus
665 1340 890 1411 positam
921 1348 1199 1409 componet
1229 1338 1299 1391 ad
1327 1337 1551 1402 hastam,

176 1421 229 1466 et
259 1411 425 1466 minui
453 1429 680 1483 magnae
709 1429 816 1465 non
848 1410 983 1464 sinet
1012 1409 1157 1463 urbis
1188 1427 1338 1479 opes:

102 1491 220 1547 aut,
251 1482 345 1537 ubi
375 1492 528 1538 erunt
556 1493 731 1553 patres
761 1482 816 1535 in
846 1480 983 1534 Iulia
1013 1479 1208 1550 templa
1239 1479 1429 1544 vocati,

177 1553 243 1608 de
274 1563 419 1608 tanto
450 1553 624 1624 dignis
655 1551 869 1607 consule
899 1551 1057 1606 rebus
1088 1560 1234 1621 aget:

78 1634 198 1680 'aut
227 1624 362 1679 feret
389 1624 640 1695 Augusto
671 1623 878 1677 solitam
908 1631 1138 1691 natoque
1170 1620 1394 1676 salutem

176 1694 348 1765 deque
416 1712 566 1748 arum
597 1702 722 1748 noto
754 1693 993 1747 consulet
1023 1691 1215 1746 offici0.

102 1775 312 1838 tempus
332 1713 413 1821 ab
441 1764 522 1820 his
553 1783 782 1820 vacuum
814 1762 1015 1818 Caesar
1046 1761 1400 1817 Germanicus
1430 1780 1586 1817 omne

176 1836 403 1892 auferet:
435 1856 468 1891 a
497 1835 704 1907 magnis
735 1835 876 1890 hunc
907 1834 1030 1889 colit
1060 1834 1148 1888 ille
1179 1834 1307 1888 deis.

101 1926 228 1963 cum
257 1918 435 1963 tamen
465 1926 497 1962 a
526 1907 682 1962 turba
710 1925 887 1961 rerum
916 1905 1233 1989 requieverit
1263 1905 1468 1968 harum,

176 1980 246 2034 ad
276 1996 368 2033 vos
398 1987 699 2033 mansuetas
729 1977 963 2048 porriget
991 1976 1078 2030 111e
1108 1995 1319 2038 manus3

175 2121 303 2175 talia
333 2138 428 2175 vos
457 2120 533 2174 illi
562 2119 782 2174 reddere
812 2118 975 2173 verba
1004 2119 1148 2172 volo:

100 2192 261 2246 ‘vivit
291 2191 465 2246 adhuc
494 2190 763 2260 vitamque
793 2190 890 2243 tibi
920 2189 1112 2244 debere
1142 2188 1353 2252 fatetur,

175 2280 337 2333 quam
364 2261 511 2334 prius
541 2281 574 2316 a
603 2261 718 2315 miti
747 2259 978 2316 Caesare
1007 2279 1200 2314 munus
1231 2260 1406 2314 habet.

38 2340 39 2345 ’
82 2335 156 2389 ‘te
186 2334 288 2388 sibi
298 2344 467 2398 ,'cum
495 2332 728 2404 fugeret,
759 2332 980 2386 memori
1010 2331 1142 2386 solet
1171 2350 1261 2385 ore
1290 2331 1487 2386 referre

175 2404 452 2459 barbariae
481 2413 622 2458 tutas
653 2403 955 2458 exhibuisse
985 2402 1121 2456 vias:

79 2475 363 2600 '·>⁸an{,¹²ine
392 2474 693 2529 Bistonium
725 2474 867 2544 quod
898 2492 1005 2527 non
1035 2473 1339 2544 tepefecerit
1372 2492 1568 2537 ensem,

26 2581 27 2611 1
175 2567 204 2601 e
250 2555 425 2602 ectum
455 2564 582 2600 cura
611 2545 839 2617 pectoris
870 2564 984 2599 esse
1014 2545 1114 2598 tui:

24 2623 43 2666 “,
82 2618 284 2672 ‘addita
312 2626 585 2689 praeterea
613 2617 753 2671 vitae
782 2634 995 2686 quoque
1025 2616 1195 2669 multa
1223 2614 1453 2670 tuendae

74 2750 79 2759 f
176 2707 419 2752 munera,
449 2707 517 2742 ne
546 2688 783 2772 proprias
815 2696 1110 2742 attenuaret
1140 2705 1284 2770 opes.

28 2775 29 2788 ³
54 2799 82 2829 ·.
102 2777 200 2831 pro
231 2759 424 2829 quibus
453 2767 513 2812 ut
540 2759 737 2813 mentis
767 2758 1026 2812 referatur
1055 2769 1249 2829 grana,
1279 2758 1418 2811 iurat

45 2806 85 2955 ἶ
177 2849 234 2885 se
264 2829 378 2885 fore
407 2829 658 2900 mancipii
686 2838 893 2900 tempus
923 2829 978 2881 in
1008 2847 1163 2883 omne
1194 2828 1286 2881 tui.

102 2920 230 2955 nam
297 2901 406 2954 rius
436 2899 688 2954 umbrosa
716 2900 968 2953 carituros
1001 2900 1186 2952 arbore
1217 2908 1423 2954 montes

50 3015 51 3018 η
78 3008 81 3021 2
178 2981 230 3026 et
282 2980 395 3026 reta
424 2971 676 3025 velivolas
706 2984 814 3024 non
842 2970 1088 3023 habitura
1116 2979 1271 3032 rates,

30 3054 31 3059 ’
102 3043 430 3112 fluminaque
458 3042 514 3095 in
542 3041 716 3095 fontes
748 3059 906 3094 cursu
935 3040 1169 3094 reditura
1199 3040 1406 3111 supin0,

56 3135 86 3190 ’,ᾗ
177 3114 350 3184 gratia
378 3130 540 3182 quam
568 3111 741 3166 meriti
770 3111 935 3183 possit
965 3111 1110 3165 abire
1139 3110 1250 3163 tui.’

106 3182 239 3238 haec
268 3183 363 3237 ubi
392 3183 653 3247 dixeritiS,
684 3192 858 3237 servet
887 3197 985 3235 sua
1015 3182 1177 3245 dona,
1207 3190 1416 3253 rogate:

53 3194 88 3387 Ξ
179 3254 255 3310 sic
283 3254 443 3309 fuerit
471 3264 676 3309 vestrae
707 3272 867 3308 causa
895 3262 1110 3325 peracta
1139 3252 1272 3307 viae.

855 3382 869 3386 ”
908 3366 1008 3421 VI.

105 3465 290 3534 Quam
317 3466 475 3537 legiS,
506 3486 573 3521 ex
600 3467 703 3520 illis
733 3466 831 3520 tibi
859 3467 1003 3520 venit
1033 3467 1282 3537 epistula,
1313 3467 1497 3531 Brute,

178 3537 449 3590 Nasonem
479 3538 644 3591 nolles
675 3539 730 3590 in
761 3537 953 3607 quibus
986 3556 1099 3590 esse
1129 3538 1274 3591 locis·

28 2813 30 2823 ν

32 3348 38 3358 ι

1710 374 1815 428 273

100 2050 339 2121 quidque
367 2067 558 2121 parens
589 2066 690 2118 ego
720 2058 894 2103 vester
924 2066 1105 2119 agam,
1136 2047 1360 2100 fortasse
1389 2046 1635 2117 requiret.

197 3618 306 3656 Ovidii
318 3619 380 3654 vol.
397 3618 466 3653 ΙΙΙ.
1481 3621 1535 3664 18
1630 3620 1640 3630 .

1848 717 1901 756 10

1847 1071 1899 1110 15

1847 1426 1902 1465 20

1847 2134 1902 2173 30

1846 2847 1902 2885 40

1848 3201 1901 3239 45

1675 3466 1766 3510 BR
1784 3466 1929 3509 UTO.
