2158 3906
562 342 877 389 TRISTIUM
906 342 1027 386 LIB.
1061 342 1123 387 11.
1154 342 1395 388 415—502.
1740 330 1842 384 145

130 447 254 508 scit,
285 443 371 499 cui
398 444 639 506 latretur,
673 462 792 496 cum
825 445 966 497 solus
998 443 1303 497 obambulet
1331 443 1468 514 ipse:

205 534 298 570 cur
327 514 519 568 totiens
552 515 756 567 clausas
789 524 1024 568 exscreet
1055 525 1175 568 ante
1205 515 1361 568 fores.
1870 530 1955 570 460

132 587 404 655 multaque
436 585 527 638 dat
557 585 684 637 furti
714 585 831 637 talis
862 596 1143 655 praecepta
1174 586 1449 654 docetque,

204 676 309 728 qua
337 664 534 726 nuptae
564 655 764 725 possint
794 655 976 709 fallere
1009 657 1075 708 ab
1107 666 1216 709 arte
1247 657 1403 709 viros.

131 746 238 783 non
267 727 368 781 fuit
396 725 496 780 hoc
525 726 599 779 illi
630 726 828 789 fraudi,
861 727 1157 796 legiturque
1188 727 1433 780 Tibullus

205 807 257 853 et
285 798 481 881 placet,
512 806 565 851 et
593 797 699 850 iam
730 807 780 850 te
812 798 1045 867 principe
1077 808 1231 850 notus
1262 808 1388 851 erat.

131 870 366 924 invemes
397 867 584 923 eadem
614 867 793 920 blandi
824 879 1107 939 praecepta
1137 868 1405 939 Properti:
1870 885 1953 925 465

205 938 480 995 destrictus
511 938 728 992 minima
756 958 855 992 nec
886 948 1062 992 tamen
1093 940 1179 992 ille
1210 949 1335 992 nota
1365 948 1458 992 est.

131 1011 213 1065 his
243 1029 344 1082 ego
375 1010 605 1064 successi
634 1010 907 1080 (quoniam
939 1012 1259 1080 praestantia
1289 1011 1485 1064 candor

201 1081 416 1135 nomina
445 1081 687 1135 vivorum
719 1081 1047 1134 dissimulare
1078 1081 1273 1149 iubet):

129 1170 238 1206 non
266 1152 440 1216 timui,
471 1152 666 1215 fateor,
696 1152 789 1215 ne,
821 1170 927 1221 qua
957 1161 1034 1204 tot
1063 1152 1170 1205 iere
1201 1151 1425 1214 carinae,

201 1223 462 1295 naufraga
491 1223 710 1277 servatis
741 1223 984 1275 omnibus
1016 1241 1122 1275 una
1151 1222 1302 1275 foret.
1333 1252 1406 1260 —
1870 1239 1956 1279 470

129 1303 255 1348 sunt
284 1294 398 1347 aliis
430 1294 676 1364 scriptae,
708 1293 899 1362 quibus
931 1294 1045 1346 alea
1075 1292 1299 1353 luditur,
1332 1293 1491 1345 Artes
1523 1323 1593 1331 -—

200 1365 302 1418 hoc
351 1370 430 1416 est
474 1365 542 1418 ad
571 1373 775 1417 nostros
807 1382 914 1416 non
943 1363 1059 1417 leve
1091 1362 1288 1415 crimen
1320 1382 1446 1415 avos
1477 1383 1570 1414 -ε

127 1435 258 1506 quid
289 1437 499 1489 valeant
528 1435 644 1499 tali,
675 1452 780 1503 quo
848 1433 979 1487 ossis
1011 1433 1238 1504 plurima
1268 1433 1409 1486 iactu

201 1507 426 1577 fingere,
459 1506 739 1558 damnosos
771 1524 798 1558 e
847 1504 1104 1575 ugiasque
1135 1522 1316 1557 canes:

128 1587 328 1632 tessera
359 1594 491 1647 quos
521 1576 714 1629 habeat
744 1593 1016 1639 numeros,
1048 1575 1276 1629 distante
1307 1585 1494 1628 vocato
1871 1592 1954 1632 475

200 1648 404 1702 mittere
436 1665 541 1717 quo
573 1646 781 1710 deceat,
814 1664 919 1716 quo
951 1646 1076 1700 dare
1107 1646 1269 1699 missa
1298 1647 1480 1699 modo:

129 1719 355 1773 discolor
383 1727 442 1772 ut
472 1727 615 1772 recto
645 1728 916 1789 grassetur
944 1717 1108 1771 limite
1140 1717 1307 1781 miles,

201 1808 320 1844 cum
350 1789 554 1844 medius
584 1788 796 1860 gemino
828 1788 1060 1842 calculus
1092 1788 1242 1842 hoste
1273 1789 1423 1860 perit,

125 1870 188 1915 ut
216 1879 373 1932 mage
403 1860 537 1914 velle
569 1878 793 1929 sequens
825 1860 955 1913 sciat
986 1870 1037 1914 et
1067 1878 1316 1914 revocare
1347 1860 1592 1930 priorem,

200 1950 297 1986 nec
328 1940 442 1985 tuto
472 1930 682 2002 fugiens
714 1931 1050 1983 incomitatus
1082 1941 1182 1984 eat.
1869 1948 1955 1988 480

130 2022 295 2074 parva
326 2003 472 2057 sedet
502 2002 662 2055 ternis
692 2001 946 2055 instructa
975 2002 1170 2055 tabella
1199 2002 1407 2072 lapillis,

201 2074 256 2126 in
286 2091 391 2143 qua
421 2073 608 2127 vicisse
639 2082 717 2126 est
748 2073 1080 2126 continuasse
1113 2091 1258 2126 suos:

127 2144 327 2215 quique
351 2144 439 2198 alii
461 2144 608 2198 lusus
631 2173 703 2182 —
726 2161 900 2212 neque
926 2144 1066 2197 enim
1088 2161 1229 2196 nunc
1253 2162 1540 2213 persequar
1563 2162 1745 2198 omnes
1767 2173 1840 2184 —

200 2215 443 2286 perdere,
473 2234 587 2269 rem
617 2233 817 2278 caram,
849 2224 1086 2285 tempora
1116 2224 1295 2267 nostra
1326 2214 1510 2267 solent.

127 2304 252 2340 ecce
282 2285 422 2339 canit
451 2287 647 2339 formas
679 2287 812 2338 alius
842 2286 1116 2353 iactusque
1147 2286 1398 2355 pilarum:
1869 2304 1952 2343 485

200 2356 286 2410 hic
317 2366 482 2412 artem
511 2357 673 2410 nandi
702 2357 979 2427 praecipit,
1009 2357 1096 2408 ille
1127 2356 1317 2409 trochi:

127 2428 418 2499 composita
449 2437 528 2482 est
558 2428 672 2480 aliis
702 2428 920 2481 fucandi
950 2446 1076 2481 cura
1107 2427 1316 2480 coloris:

201 2498 285 2552 hic
315 2499 483 2570 epulis
514 2500 658 2569 leges
689 2498 1021 2568 hospitioque
1053 2498 1219 2551 dedit:

127 2569 261 2624 alter
290 2569 534 2633 humum,
566 2570 631 2624 de
660 2588 766 2639 qua
795 2570 1064 2640 fingantur
1093 2570 1307 2640 pocula,
1341 2579 1614 2632 monstrat,

200 2658 466 2710 quaeque,
499 2641 677 2704 docet,
708 2641 909 2710 liquido
939 2650 1073 2693 testa
1104 2641 1169 2693 sit
1199 2650 1322 2710 apta
1351 2659 1513 2694 mero.
1870 2659 1954 2698 490

80 2711 82 2713 ’
132 2711 256 2765 talia
284 2712 539 2765 luduntur
567 2711 774 2764 fumoso
806 2730 985 2765 mense
1015 2711 1324 2773 Decembri,

201 2799 337 2852 quae
368 2783 561 2836 damno
589 2782 721 2835 nulli
752 2782 1107 2852 composuisse
1138 2782 1254 2834 fuit.

129 2851 211 2906 his
242 2872 271 2907 e
312 2872 342 2906 o
374 2854 624 2924 deceptus
654 2871 761 2905 non
790 2852 958 2905 tristia
988 2852 1222 2905 carmina
1251 2852 1379 2906 feci:

203 2942 258 2977 se
325 2923 485 2977 tristis
515 2933 923 2994 nostros‘poena
953 2933 1135 2976 secuta
1163 2923 1323 2976 iocos,

130 2994 357 3064 denique
386 3014 486 3048 nec
515 2995 670 3048 video
700 3004 778 3047 tot
808 2995 873 3048 de
903 2993 1252 3047 scribentibus
1282 3013 1465 3058 unum,
1869 3011 1951 3050 495

203 3083 362 3135 quem
392 3085 489 3119 sua
517 3066 800 3136 perdiderit
830 3065 1015 3118 Musa:
1046 3074 1286 3134 repertus
1318 3082 1435 3134 ego.

130 3135 260 3205 quid
289 3136 335 3190 si
363 3136 687 3208 scripsissem
716 3137 903 3189 mimos
934 3136 1163 3189 obscena
1191 3136 1442 3198 iocanteS,

205 3206 297 3276 qui
326 3226 532 3279 semper
560 3209 709 3262 vetiti
739 3207 937 3261 crimen
967 3207 1159 3259 amoris
1190 3206 1417 3260 habent?

131 3274 190 3330 in
217 3277 408 3347 quibus
439 3279 647 3332 assidue
678 3279 850 3332 cultus
881 3278 1117 3348 procedit
1147 3278 1368 3342 adulter,

204 3349 470 3418 verbaque
501 3351 591 3404 dat
621 3351 781 3404 stulto
812 3349 1001 3403 callida
1030 3358 1198 3419 nupta
1227 3350 1356 3402 viro.
1870 3366 1954 3405 500

132 3418 327 3472 nubilis
357 3419 453 3473 hos
482 3421 631 3492 virgo
661 3430 1003 3490 matronaque
1035 3420 1216 3488 virque
1247 3437 1484 3491 puerque

207 3499 431 3560 spectat,
462 3501 515 3545 et
544 3511 611 3545 ex
639 3511 834 3562 magna
863 3501 1011 3562 parte
1043 3503 1255 3545 senatus
1287 3492 1452 3545 adest.

223 3571 332 3608 onata·
343 3573 406 3608 φοι.
423 3572 493 3607 111.
1501 3572 1559 3616 10
