<?xml version="1.0" encoding="UTF-8"?>
<!DOCTYPE html PUBLIC "-//W3C//DTD XHTML 1.0 Transitional//EN"
    "http://www.w3.org/TR/xhtml1/DTD/xhtml1-transitional.dtd">
<html xmlns="http://www.w3.org/1999/xhtml" xml:lang="en" lang="en">
 <head>
  <title>
</title>
<meta http-equiv="Content-Type" content="text/html;charset=utf-8" />
  <meta name='ocr-system' content='tesseract 3.04.00' />
  <meta name='ocr-capabilities' content='ocr_page ocr_carea ocr_par ocr_line ocrx_word'/>
</head>
<body>
  <div class='ocr_page' id='page_1' title='image "./carminaov03oviduoft_0058.png"; bbox 0 0 2158 3906; ppageno 0'>
   <div class='ocr_carea' id='block_1_1' title="bbox 370 310 1528 364">
    <p class='ocr_par' dir='ltr' id='par_1_1' title="bbox 370 310 1528 364">
     <span class='ocr_line' id='line_1_1' title="bbox 370 310 1528 364; baseline -0.005 0"><span class='ocrx_word' id='word_1_1' title='bbox 370 310 445 364; x_wconf 81' lang='lat'>20</span> <span class='ocrx_word' id='word_1_2' title='bbox 930 317 985 360; x_wconf 90' lang='lat' dir='ltr'>P.</span> <span class='ocrx_word' id='word_1_3' title='bbox 1021 314 1228 360; x_wconf 86' lang='lat' dir='ltr'>OVIDII</span> <span class='ocrx_word' id='word_1_4' title='bbox 1257 312 1528 359; x_wconf 79' lang='lat' dir='ltr'>NASONJS</span> 
     </span>
    </p>
   </div>
   <div class='ocr_carea' id='block_1_2' title="bbox 265 415 2158 3038">
    <p class='ocr_par' dir='ltr' id='par_1_2' title="bbox 265 415 2158 3038">
     <span class='ocr_line' id='line_1_2' title="bbox 449 415 1684 483; baseline -0.008 -7"><span class='ocrx_word' id='word_1_5' title='bbox 449 420 685 476; x_wconf 80' lang='lat' dir='ltr'>Lesbida</span> <span class='ocrx_word' id='word_1_6' title='bbox 716 436 837 471; x_wconf 88' lang='lat' dir='ltr'>cum</span> <span class='ocrx_word' id='word_1_7' title='bbox 868 416 1079 468; x_wconf 88' lang='lat' dir='ltr'>domino</span> <span class='ocrx_word' id='word_1_8' title='bbox 1111 434 1205 468; x_wconf 90' lang='lat' dir='ltr'>seu</span> <span class='ocrx_word' id='word_1_9' title='bbox 1234 415 1353 468; x_wconf 88' lang='lat' dir='ltr'>tulit</span> <span class='ocrx_word' id='word_1_10' title='bbox 1381 415 1468 467; x_wconf 93' lang='lat' dir='ltr'>ille</span> <span class='ocrx_word' id='word_1_11' title='bbox 1499 415 1684 483; x_wconf 87' lang='lat' dir='ltr'>lyram.</span> 
     </span>
     <span class='ocr_line' id='line_1_3' title="bbox 379 485 1849 564; baseline -0.007 -17"><span class='ocrx_word' id='word_1_12' title='bbox 379 493 524 564; x_wconf 91' lang='lat' dir='ltr'>quod</span> <span class='ocrx_word' id='word_1_13' title='bbox 553 509 697 544; x_wconf 90' lang='lat' dir='ltr'>mare</span> <span class='ocrx_word' id='word_1_14' title='bbox 727 507 835 540; x_wconf 92' lang='lat' dir='ltr'>non</span> <span class='ocrx_word' id='word_1_15' title='bbox 864 487 1034 547; x_wconf 84' lang='lat' dir='ltr'>novit,</span> <span class='ocrx_word' id='word_1_16' title='bbox 1066 504 1201 554; x_wconf 90' lang='lat' dir='ltr'>quae</span> <span class='ocrx_word' id='word_1_17' title='bbox 1231 486 1397 539; x_wconf 88' lang='lat' dir='ltr'>nescit</span> <span class='ocrx_word' id='word_1_18' title='bbox 1430 486 1631 537; x_wconf 89' lang='lat' dir='ltr'>Ariona</span> <span class='ocrx_word' id='word_1_19' title='bbox 1662 485 1849 538; x_wconf 82' lang='lat' dir='ltr'>tellus?</span> 
     </span>
     <span class='ocr_line' id='line_1_4' title="bbox 453 558 1555 625; baseline -0.006 -9"><span class='ocrx_word' id='word_1_20' title='bbox 453 562 683 617; x_wconf 85' lang='lat' dir='ltr'>carmine</span> <span class='ocrx_word' id='word_1_21' title='bbox 715 567 983 612; x_wconf 90' lang='lat' dir='ltr'>currentes</span> <span class='ocrx_word' id='word_1_22' title='bbox 1013 558 1098 609; x_wconf 89' lang='lat' dir='ltr'>ille</span> <span class='ocrx_word' id='word_1_23' title='bbox 1131 558 1343 610; x_wconf 86' lang='lat' dir='ltr'>tenebat</span> <span class='ocrx_word' id='word_1_24' title='bbox 1373 575 1555 625; x_wconf 84' lang='lat' dir='ltr'>aquas.</span> 
     </span>
     <span class='ocr_line' id='line_1_5' title="bbox 294 623 2158 704; baseline -0.006 -15"><span class='ocrx_word' id='word_1_25' title='bbox 294 655 350 694; x_wconf 80' lang='lat'>35</span> <span class='ocrx_word' id='word_1_26' title='bbox 382 653 539 704; x_wconf 82' lang='lat' dir='ltr'>saepe</span> <span class='ocrx_word' id='word_1_27' title='bbox 570 649 795 699; x_wconf 87' lang='lat' dir='ltr'>sequens</span> <span class='ocrx_word' id='word_1_28' title='bbox 827 647 1020 698; x_wconf 86' lang='lat' dir='ltr'>agnam</span> <span class='ocrx_word' id='word_1_29' title='bbox 1048 629 1205 698; x_wconf 91' lang='lat' dir='ltr'>lupus</span> <span class='ocrx_word' id='word_1_30' title='bbox 1237 637 1315 681; x_wconf 88' lang='lat' dir='ltr'>est</span> <span class='ocrx_word' id='word_1_31' title='bbox 1346 648 1377 680; x_wconf 87' lang='lat' dir='ltr'>a</span> <span class='ocrx_word' id='word_1_32' title='bbox 1406 646 1535 680; x_wconf 88' lang='lat' dir='ltr'>voce</span> <span class='ocrx_word' id='word_1_33' title='bbox 1565 635 1816 700; x_wconf 77' lang='lat' dir='ltr'>retentUS,</span> <span class='ocrx_word' id='word_1_34' title='bbox 2138 623 2158 675; x_wconf 66' lang='lat'>5</span> 
     </span>
     <span class='ocr_line' id='line_1_6' title="bbox 454 698 2158 773; baseline -0.005 -16"><span class='ocrx_word' id='word_1_35' title='bbox 454 721 611 773; x_wconf 81' lang='lat' dir='ltr'>saepe</span> <span class='ocrx_word' id='word_1_36' title='bbox 643 700 858 753; x_wconf 90' lang='lat' dir='ltr'>avidum</span> <span class='ocrx_word' id='word_1_37' title='bbox 889 699 1099 768; x_wconf 80' lang='lat' dir='ltr'>fugiens</span> <span class='ocrx_word' id='word_1_38' title='bbox 1130 699 1318 751; x_wconf 79' lang='lat' dir='ltr'>restitit</span> <span class='ocrx_word' id='word_1_39' title='bbox 1346 718 1486 768; x_wconf 87' lang='lat' dir='ltr'>agna</span> <span class='ocrx_word' id='word_1_40' title='bbox 1514 699 1722 768; x_wconf 88' lang='lat' dir='ltr'>lupum:</span> <span class='ocrx_word' id='word_1_41' title='bbox 2139 698 2158 723; x_wconf 45' lang='lat'>*³³</span> 
     </span>
     <span class='ocr_line' id='line_1_7' title="bbox 384 769 1811 844; baseline -0.006 -15"><span class='ocrx_word' id='word_1_42' title='bbox 384 793 542 844; x_wconf 83' lang='lat' dir='ltr'>saepe</span> <span class='ocrx_word' id='word_1_43' title='bbox 574 790 729 826; x_wconf 91' lang='lat' dir='ltr'>canes</span> <span class='ocrx_word' id='word_1_44' title='bbox 759 772 1071 840; x_wconf 84' lang='lat' dir='ltr'>leporesque</span> <span class='ocrx_word' id='word_1_45' title='bbox 1101 770 1290 822; x_wconf 89' lang='lat' dir='ltr'>umbra</span> <span class='ocrx_word' id='word_1_46' title='bbox 1318 769 1526 822; x_wconf 87' lang='lat' dir='ltr'>iacuere</span> <span class='ocrx_word' id='word_1_47' title='bbox 1559 769 1656 821; x_wconf 91' lang='lat' dir='ltr'>sub</span> <span class='ocrx_word' id='word_1_48' title='bbox 1688 787 1811 831; x_wconf 88' lang='lat' dir='ltr'>una,</span> 
     </span>
     <span class='ocr_line' id='line_1_8' title="bbox 453 841 1546 911; baseline -0.005 -14"><span class='ocrx_word' id='word_1_49' title='bbox 453 854 506 898; x_wconf 89' lang='lat' dir='ltr'>et</span> <span class='ocrx_word' id='word_1_50' title='bbox 537 843 677 896; x_wconf 86' lang='lat' dir='ltr'>stetit</span> <span class='ocrx_word' id='word_1_51' title='bbox 707 842 762 894; x_wconf 91' lang='lat' dir='ltr'>in</span> <span class='ocrx_word' id='word_1_52' title='bbox 795 860 922 893; x_wconf 85' lang='lat' dir='ltr'>saxo</span> <span class='ocrx_word' id='word_1_53' title='bbox 953 841 1193 911; x_wconf 83' lang='lat' dir='ltr'>proxima</span> <span class='ocrx_word' id='word_1_54' title='bbox 1224 859 1378 893; x_wconf 86' lang='lat' dir='ltr'>cerva</span> <span class='ocrx_word' id='word_1_55' title='bbox 1407 841 1546 892; x_wconf 85' lang='lat' dir='ltr'>leae:</span> 
     </span>
     <span class='ocr_line' id='line_1_9' title="bbox 382 910 1707 980; baseline -0.005 -12"><span class='ocrx_word' id='word_1_56' title='bbox 382 924 435 969; x_wconf 89' lang='lat' dir='ltr'>et</span> <span class='ocrx_word' id='word_1_57' title='bbox 466 915 577 967; x_wconf 92' lang='lat' dir='ltr'>sine</span> <span class='ocrx_word' id='word_1_58' title='bbox 605 913 697 966; x_wconf 90' lang='lat' dir='ltr'>lite</span> <span class='ocrx_word' id='word_1_59' title='bbox 725 913 924 980; x_wconf 85' lang='lat' dir='ltr'>loquax</span> <span class='ocrx_word' id='word_1_60' title='bbox 955 930 1075 964; x_wconf 88' lang='lat' dir='ltr'>cum</span> <span class='ocrx_word' id='word_1_61' title='bbox 1105 911 1339 963; x_wconf 89' lang='lat' dir='ltr'>Palladis</span> <span class='ocrx_word' id='word_1_62' title='bbox 1372 910 1494 962; x_wconf 88' lang='lat' dir='ltr'>alite</span> <span class='ocrx_word' id='word_1_63' title='bbox 1525 910 1707 962; x_wconf 84' lang='lat' dir='ltr'>cornix</span> 
     </span>
     <span class='ocr_line' id='line_1_10' title="bbox 300 980 1594 1052; baseline -0.005 -13"><span class='ocrx_word' id='word_1_64' title='bbox 300 1006 354 1045; x_wconf 86' lang='lat'>90</span> <span class='ocrx_word' id='word_1_65' title='bbox 456 985 614 1048; x_wconf 89' lang='lat' dir='ltr'>sedit,</span> <span class='ocrx_word' id='word_1_66' title='bbox 648 993 699 1036; x_wconf 87' lang='lat' dir='ltr'>et</span> <span class='ocrx_word' id='word_1_67' title='bbox 729 983 964 1052; x_wconf 80' lang='lat' dir='ltr'>accipitri</span> <span class='ocrx_word' id='word_1_68' title='bbox 995 983 1174 1034; x_wconf 89' lang='lat' dir='ltr'>iuncta</span> <span class='ocrx_word' id='word_1_69' title='bbox 1204 981 1449 1034; x_wconf 88' lang='lat' dir='ltr'>columba</span> <span class='ocrx_word' id='word_1_70' title='bbox 1478 980 1594 1032; x_wconf 86' lang='lat' dir='ltr'>fuit.</span> 
     </span>
     <span class='ocr_line' id='line_1_11' title="bbox 386 1052 1610 1127; baseline -0.007 -17"><span class='ocrx_word' id='word_1_71' title='bbox 386 1055 620 1127; x_wconf 83' lang='lat' dir='ltr'>Cynthia</span> <span class='ocrx_word' id='word_1_72' title='bbox 650 1073 809 1124; x_wconf 84' lang='lat' dir='ltr'>saepe</span> <span class='ocrx_word' id='word_1_73' title='bbox 840 1055 942 1106; x_wconf 91' lang='lat' dir='ltr'>tuis</span> <span class='ocrx_word' id='word_1_74' title='bbox 973 1054 1165 1115; x_wconf 88' lang='lat' dir='ltr'>fertur,</span> <span class='ocrx_word' id='word_1_75' title='bbox 1196 1052 1392 1105; x_wconf 89' lang='lat' dir='ltr'>vocalis</span> <span class='ocrx_word' id='word_1_76' title='bbox 1424 1052 1610 1114; x_wconf 88' lang='lat' dir='ltr'>Arion,</span> 
     </span>
     <span class='ocr_line' id='line_1_12' title="bbox 457 1122 1563 1195; baseline -0.005 -16"><span class='ocrx_word' id='word_1_77' title='bbox 457 1136 726 1195; x_wconf 87' lang='lat' dir='ltr'>tamquam</span> <span class='ocrx_word' id='word_1_78' title='bbox 758 1125 1002 1177; x_wconf 86' lang='lat' dir='ltr'>fraternis</span> <span class='ocrx_word' id='word_1_79' title='bbox 1034 1124 1348 1193; x_wconf 87' lang='lat' dir='ltr'>obstipuisse</span> <span class='ocrx_word' id='word_1_80' title='bbox 1378 1122 1563 1175; x_wconf 88' lang='lat' dir='ltr'>modis.</span> 
     </span>
     <span class='ocr_line' id='line_1_13' title="bbox 383 1193 1677 1264; baseline -0.004 -13"><span class='ocrx_word' id='word_1_81' title='bbox 383 1195 580 1251; x_wconf 78' lang='lat' dir='ltr'>nomen</span> <span class='ocrx_word' id='word_1_82' title='bbox 609 1197 891 1249; x_wconf 89' lang='lat' dir='ltr'>Arionium</span> <span class='ocrx_word' id='word_1_83' title='bbox 926 1195 1132 1249; x_wconf 86' lang='lat' dir='ltr'>Siculas</span> <span class='ocrx_word' id='word_1_84' title='bbox 1162 1195 1474 1264; x_wconf 86' lang='lat' dir='ltr'>impleverat</span> <span class='ocrx_word' id='word_1_85' title='bbox 1501 1193 1677 1255; x_wconf 77' lang='lat' dir='ltr'>urbeS,</span> 
     </span>
     <span class='ocr_line' id='line_1_14' title="bbox 460 1265 1648 1338; baseline -0.004 -17"><span class='ocrx_word' id='word_1_86' title='bbox 460 1277 720 1338; x_wconf 89' lang='lat' dir='ltr'>captaque</span> <span class='ocrx_word' id='word_1_87' title='bbox 752 1276 863 1320; x_wconf 84' lang='lat' dir='ltr'>erat.</span> <span class='ocrx_word' id='word_1_88' title='bbox 892 1266 1069 1336; x_wconf 88' lang='lat' dir='ltr'>lyricis</span> <span class='ocrx_word' id='word_1_89' title='bbox 1101 1265 1336 1317; x_wconf 88' lang='lat' dir='ltr'>Ausonis</span> <span class='ocrx_word' id='word_1_90' title='bbox 1368 1283 1460 1317; x_wconf 89' lang='lat' dir='ltr'>ora</span> <span class='ocrx_word' id='word_1_91' title='bbox 1491 1265 1648 1317; x_wconf 87' lang='lat' dir='ltr'>sonis.</span> 
     </span>
     <span class='ocr_line' id='line_1_15' title="bbox 304 1335 1829 1407; baseline -0.004 -14"><span class='ocrx_word' id='word_1_92' title='bbox 304 1358 357 1398; x_wconf 88' lang='lat'>95</span> <span class='ocrx_word' id='word_1_93' title='bbox 387 1340 510 1392; x_wconf 89' lang='lat' dir='ltr'>inde</span> <span class='ocrx_word' id='word_1_94' title='bbox 542 1340 758 1391; x_wconf 90' lang='lat' dir='ltr'>domum</span> <span class='ocrx_word' id='word_1_95' title='bbox 789 1349 1030 1407; x_wconf 88' lang='lat' dir='ltr'>repetens</span> <span class='ocrx_word' id='word_1_96' title='bbox 1060 1344 1294 1406; x_wconf 88' lang='lat' dir='ltr'>puppem</span> <span class='ocrx_word' id='word_1_97' title='bbox 1324 1335 1628 1388; x_wconf 89' lang='lat' dir='ltr'>conscendit</span> <span class='ocrx_word' id='word_1_98' title='bbox 1656 1335 1829 1387; x_wconf 89' lang='lat' dir='ltr'>Arion</span> 
     </span>
     <span class='ocr_line' id='line_1_16' title="bbox 460 1407 1566 1478; baseline -0.004 -16"><span class='ocrx_word' id='word_1_99' title='bbox 460 1419 618 1478; x_wconf 88' lang='lat' dir='ltr'>atque</span> <span class='ocrx_word' id='word_1_100' title='bbox 648 1410 723 1461; x_wconf 90' lang='lat' dir='ltr'>ita</span> <span class='ocrx_word' id='word_1_101' title='bbox 752 1409 1016 1477; x_wconf 87' lang='lat' dir='ltr'>quaesitas</span> <span class='ocrx_word' id='word_1_102' title='bbox 1048 1418 1158 1460; x_wconf 88' lang='lat' dir='ltr'>arte</span> <span class='ocrx_word' id='word_1_103' title='bbox 1189 1407 1393 1460; x_wconf 88' lang='lat' dir='ltr'>ferebat</span> <span class='ocrx_word' id='word_1_104' title='bbox 1422 1424 1566 1476; x_wconf 90' lang='lat' dir='ltr'>opes.</span> 
     </span>
     <span class='ocr_line' id='line_1_17' title="bbox 386 1477 1675 1546; baseline -0.005 -12"><span class='ocrx_word' id='word_1_105' title='bbox 386 1481 632 1542; x_wconf 88' lang='lat' dir='ltr'>forsitan,</span> <span class='ocrx_word' id='word_1_106' title='bbox 662 1479 870 1542; x_wconf 85' lang='lat' dir='ltr'>infelix,</span> <span class='ocrx_word' id='word_1_107' title='bbox 901 1488 1085 1532; x_wconf 91' lang='lat' dir='ltr'>ventos</span> <span class='ocrx_word' id='word_1_108' title='bbox 1115 1477 1390 1546; x_wconf 89' lang='lat' dir='ltr'>undasque</span> <span class='ocrx_word' id='word_1_109' title='bbox 1420 1477 1675 1530; x_wconf 85' lang='lat' dir='ltr'>timebas?</span> 
     </span>
     <span class='ocr_line' id='line_1_18' title="bbox 460 1549 1503 1617; baseline -0.005 -13"><span class='ocrx_word' id='word_1_110' title='bbox 460 1560 513 1604; x_wconf 86' lang='lat' dir='ltr'>at</span> <span class='ocrx_word' id='word_1_111' title='bbox 543 1551 638 1604; x_wconf 90' lang='lat' dir='ltr'>tibi</span> <span class='ocrx_word' id='word_1_112' title='bbox 667 1570 803 1604; x_wconf 87' lang='lat' dir='ltr'>nave</span> <span class='ocrx_word' id='word_1_113' title='bbox 833 1561 926 1602; x_wconf 90' lang='lat' dir='ltr'>tua</span> <span class='ocrx_word' id='word_1_114' title='bbox 955 1549 1118 1602; x_wconf 89' lang='lat' dir='ltr'>tutius</span> <span class='ocrx_word' id='word_1_115' title='bbox 1150 1567 1348 1617; x_wconf 89' lang='lat' dir='ltr'>aequor</span> <span class='ocrx_word' id='word_1_116' title='bbox 1377 1558 1503 1601; x_wconf 84' lang='lat' dir='ltr'>erat.</span> 
     </span>
     <span class='ocr_line' id='line_1_19' title="bbox 387 1619 1663 1692; baseline -0.004 -17"><span class='ocrx_word' id='word_1_117' title='bbox 387 1641 618 1691; x_wconf 88' lang='lat' dir='ltr'>namque</span> <span class='ocrx_word' id='word_1_118' title='bbox 647 1622 971 1692; x_wconf 87' lang='lat' dir='ltr'>gubernator</span> <span class='ocrx_word' id='word_1_119' title='bbox 1001 1620 1254 1691; x_wconf 57' lang='lat' dir='ltr'>destricto⁴</span> <span class='ocrx_word' id='word_1_120' title='bbox 1278 1619 1509 1672; x_wconf 86' lang='lat' dir='ltr'>constitit</span> <span class='ocrx_word' id='word_1_121' title='bbox 1540 1636 1663 1671; x_wconf 89' lang='lat' dir='ltr'>ense</span> 
     </span>
     <span class='ocr_line' id='line_1_20' title="bbox 277 1691 1603 1762; baseline -0.008 -12"><span class='ocrx_word' id='word_1_122' title='bbox 277 1711 359 1751; x_wconf 88' lang='grc'>100</span> <span class='ocrx_word' id='word_1_123' title='bbox 462 1702 739 1762; x_wconf 90' lang='lat' dir='ltr'>ceteraque</span> <span class='ocrx_word' id='word_1_124' title='bbox 770 1701 972 1745; x_wconf 87' lang='lat' dir='ltr'>armata</span> <span class='ocrx_word' id='word_1_125' title='bbox 1001 1691 1211 1743; x_wconf 84' lang='lat' dir='ltr'>conscia</span> <span class='ocrx_word' id='word_1_126' title='bbox 1240 1691 1396 1743; x_wconf 86' lang='lat' dir='ltr'>turba</span> <span class='ocrx_word' id='word_1_127' title='bbox 1426 1707 1603 1741; x_wconf 82' lang='lat' dir='ltr'>manU.</span> 
     </span>
     <span class='ocr_line' id='line_1_21' title="bbox 389 1759 1987 1833; baseline -0.004 -16"><span class='ocrx_word' id='word_1_128' title='bbox 389 1764 518 1833; x_wconf 92' lang='lat' dir='ltr'>quid</span> <span class='ocrx_word' id='word_1_129' title='bbox 548 1764 643 1816; x_wconf 89' lang='lat' dir='ltr'>tibi</span> <span class='ocrx_word' id='word_1_130' title='bbox 674 1782 795 1816; x_wconf 91' lang='lat' dir='ltr'>cum</span> <span class='ocrx_word' id='word_1_131' title='bbox 824 1763 1033 1833; x_wconf 85' lang='lat' dir='ltr'>gladio?</span> <span class='ocrx_word' id='word_1_132' title='bbox 1063 1762 1280 1814; x_wconf 90' lang='lat' dir='ltr'>dubiam</span> <span class='ocrx_word' id='word_1_133' title='bbox 1311 1779 1462 1830; x_wconf 86' lang='lat' dir='ltr'>rege,</span> <span class='ocrx_word' id='word_1_134' title='bbox 1492 1759 1694 1821; x_wconf 85' lang='lat' dir='ltr'>navita,</span> <span class='ocrx_word' id='word_1_135' title='bbox 1726 1775 1987 1829; x_wconf 71' lang='lat' dir='ltr'>puppemt</span> 
     </span>
     <span class='ocr_line' id='line_1_22' title="bbox 459 1830 1671 1903; baseline -0.006 -15"><span class='ocrx_word' id='word_1_136' title='bbox 459 1853 566 1887; x_wconf 92' lang='lat' dir='ltr'>non</span> <span class='ocrx_word' id='word_1_137' title='bbox 596 1834 727 1887; x_wconf 91' lang='lat' dir='ltr'>haec</span> <span class='ocrx_word' id='word_1_138' title='bbox 758 1843 881 1886; x_wconf 89' lang='lat' dir='ltr'>sunt</span> <span class='ocrx_word' id='word_1_139' title='bbox 911 1833 1088 1903; x_wconf 86' lang='lat' dir='ltr'>digitis</span> <span class='ocrx_word' id='word_1_140' title='bbox 1119 1851 1266 1885; x_wconf 89' lang='lat' dir='ltr'>arma</span> <span class='ocrx_word' id='word_1_141' title='bbox 1295 1831 1522 1884; x_wconf 89' lang='lat' dir='ltr'>tenenda</span> <span class='ocrx_word' id='word_1_142' title='bbox 1551 1830 1671 1882; x_wconf 88' lang='lat' dir='ltr'>tuis.</span> 
     </span>
     <span class='ocr_line' id='line_1_23' title="bbox 389 1900 1819 1972; baseline -0.005 -14"><span class='ocrx_word' id='word_1_143' title='bbox 389 1905 476 1959; x_wconf 84' lang='lat' dir='ltr'>ille</span> <span class='ocrx_word' id='word_1_144' title='bbox 506 1914 652 1958; x_wconf 89' lang='lat' dir='ltr'>metu</span> <span class='ocrx_word' id='word_1_145' title='bbox 682 1924 882 1958; x_wconf 87' lang='lat' dir='ltr'>vacuus</span> <span class='ocrx_word' id='word_1_146' title='bbox 914 1910 1160 1956; x_wconf 87' lang='lat' dir='ltr'>‘mortem</span> <span class='ocrx_word' id='word_1_147' title='bbox 1189 1921 1297 1955; x_wconf 91' lang='lat' dir='ltr'>non</span> <span class='ocrx_word' id='word_1_148' title='bbox 1327 1901 1602 1972; x_wconf 87' lang='lat' dir='ltr'>deprecor&#39;</span> <span class='ocrx_word' id='word_1_149' title='bbox 1634 1900 1819 1969; x_wconf 88' lang='lat' dir='ltr'>inquit,</span> 
     </span>
     <span class='ocr_line' id='line_1_24' title="bbox 463 1972 1612 2044; baseline -0.005 -15"><span class='ocrx_word' id='word_1_150' title='bbox 463 1977 584 2029; x_wconf 92' lang='lat' dir='ltr'>‘sed</span> <span class='ocrx_word' id='word_1_151' title='bbox 612 1976 768 2028; x_wconf 85' lang='lat' dir='ltr'>liceat</span> <span class='ocrx_word' id='word_1_152' title='bbox 800 1985 1009 2044; x_wconf 88' lang='lat' dir='ltr'>sumpta</span> <span class='ocrx_word' id='word_1_153' title='bbox 1039 1993 1210 2044; x_wconf 88' lang='lat' dir='ltr'>pauca</span> <span class='ocrx_word' id='word_1_154' title='bbox 1239 1974 1436 2026; x_wconf 88' lang='lat' dir='ltr'>referre</span> <span class='ocrx_word' id='word_1_155' title='bbox 1466 1972 1612 2042; x_wconf 87' lang='lat' dir='ltr'>lyra.&#39;</span> 
     </span>
     <span class='ocr_line' id='line_1_25' title="bbox 281 2043 1949 2114; baseline -0.006 -11"><span class='ocrx_word' id='word_1_156' title='bbox 281 2063 360 2103; x_wconf 87' lang='lat'>105</span> <span class='ocrx_word' id='word_1_157' title='bbox 394 2047 522 2100; x_wconf 89' lang='lat' dir='ltr'>dant</span> <span class='ocrx_word' id='word_1_158' title='bbox 551 2047 761 2099; x_wconf 87' lang='lat' dir='ltr'>veniam</span> <span class='ocrx_word' id='word_1_159' title='bbox 791 2046 1068 2114; x_wconf 87' lang='lat' dir='ltr'>ridentque</span> <span class='ocrx_word' id='word_1_160' title='bbox 1098 2063 1318 2097; x_wconf 87' lang='lat' dir='ltr'>moram.</span> <span class='ocrx_word' id='word_1_161' title='bbox 1393 2044 1535 2113; x_wconf 86' lang='lat' dir='ltr'>capit</span> <span class='ocrx_word' id='word_1_162' title='bbox 1564 2043 1651 2095; x_wconf 94' lang='lat' dir='ltr'>ille</span> <span class='ocrx_word' id='word_1_163' title='bbox 1683 2060 1949 2105; x_wconf 88' lang='lat' dir='ltr'>coronam,</span> 
     </span>
     <span class='ocr_line' id='line_1_26' title="bbox 305 2115 1686 2189; baseline -0.004 -17"><span class='ocrx_word' id='word_1_164' title='bbox 305 2186 307 2189; x_wconf 86' lang='lat'>.</span> <span class='ocrx_word' id='word_1_165' title='bbox 463 2136 599 2186; x_wconf 88' lang='lat' dir='ltr'>quae</span> <span class='ocrx_word' id='word_1_166' title='bbox 628 2118 795 2188; x_wconf 87' lang='lat' dir='ltr'>possit</span> <span class='ocrx_word' id='word_1_167' title='bbox 825 2117 1018 2178; x_wconf 77' lang='lat' dir='ltr'>crineS,</span> <span class='ocrx_word' id='word_1_168' title='bbox 1051 2116 1293 2178; x_wconf 91' lang='lat' dir='ltr'>Phoebe,</span> <span class='ocrx_word' id='word_1_169' title='bbox 1326 2115 1512 2168; x_wconf 87' lang='lat' dir='ltr'>decere</span> <span class='ocrx_word' id='word_1_170' title='bbox 1542 2123 1661 2166; x_wconf 91' lang='lat' dir='ltr'>tuos</span> <span class='ocrx_word' id='word_1_171' title='bbox 1671 2134 1686 2177; x_wconf 83' lang='lat'><em>3</em></span> 
     </span>
     <span class='ocr_line' id='line_1_27' title="bbox 390 2186 1666 2258; baseline -0.004 -17"><span class='ocrx_word' id='word_1_172' title='bbox 390 2189 637 2242; x_wconf 86' lang='lat' dir='ltr'>induerat</span> <span class='ocrx_word' id='word_1_173' title='bbox 665 2188 829 2258; x_wconf 84' lang='lat' dir='ltr'>Tyrio</span> <span class='ocrx_word' id='word_1_174' title='bbox 860 2188 941 2240; x_wconf 91' lang='lat' dir='ltr'>bis</span> <span class='ocrx_word' id='word_1_175' title='bbox 972 2188 1190 2240; x_wconf 90' lang='lat' dir='ltr'>tinctam</span> <span class='ocrx_word' id='word_1_176' title='bbox 1218 2186 1418 2238; x_wconf 89' lang='lat' dir='ltr'>murice</span> <span class='ocrx_word' id='word_1_177' title='bbox 1447 2186 1642 2256; x_wconf 90' lang='lat' dir='ltr'>pallam</span> <span class='ocrx_word' id='word_1_178' title='bbox 1651 2205 1666 2248; x_wconf 90' lang='lat'>;</span> 
     </span>
     <span class='ocr_line' id='line_1_28' title="bbox 463 2257 1628 2328; baseline -0.004 -16"><span class='ocrx_word' id='word_1_179' title='bbox 463 2259 693 2313; x_wconf 88' lang='lat' dir='ltr'>reddidit</span> <span class='ocrx_word' id='word_1_180' title='bbox 720 2260 825 2313; x_wconf 90' lang='lat' dir='ltr'>icta</span> <span class='ocrx_word' id='word_1_181' title='bbox 855 2277 977 2311; x_wconf 92' lang='lat' dir='ltr'>suos</span> <span class='ocrx_word' id='word_1_182' title='bbox 1008 2258 1197 2328; x_wconf 90' lang='lat' dir='ltr'>pollice</span> <span class='ocrx_word' id='word_1_183' title='bbox 1229 2257 1425 2310; x_wconf 88' lang='lat' dir='ltr'>chorda</span> <span class='ocrx_word' id='word_1_184' title='bbox 1455 2275 1628 2319; x_wconf 88' lang='lat' dir='ltr'>sonos,</span> 
     </span>
     <span class='ocr_line' id='line_1_29' title="bbox 394 2327 1546 2384; baseline -0.004 -1"><span class='ocrx_word' id='word_1_185' title='bbox 394 2331 656 2384; x_wconf 89' lang='lat' dir='ltr'>flebilibus</span> <span class='ocrx_word' id='word_1_186' title='bbox 686 2329 918 2382; x_wconf 89' lang='lat' dir='ltr'>numeris</span> <span class='ocrx_word' id='word_1_187' title='bbox 949 2329 1112 2382; x_wconf 87' lang='lat' dir='ltr'>veluti</span> <span class='ocrx_word' id='word_1_188' title='bbox 1142 2327 1383 2381; x_wconf 88' lang='lat' dir='ltr'>canentia</span> <span class='ocrx_word' id='word_1_189' title='bbox 1414 2328 1546 2379; x_wconf 87' lang='lat' dir='ltr'>dura</span> 
     </span>
     <span class='ocr_line' id='line_1_30' title="bbox 284 2399 1561 2470; baseline -0.005 -15"><span class='ocrx_word' id='word_1_190' title='bbox 284 2417 365 2456; x_wconf 91' lang='lat'>110</span> <span class='ocrx_word' id='word_1_191' title='bbox 466 2401 714 2454; x_wconf 90' lang='lat' dir='ltr'>traiectus</span> <span class='ocrx_word' id='word_1_192' title='bbox 744 2401 906 2470; x_wconf 90' lang='lat' dir='ltr'>pinna</span> <span class='ocrx_word' id='word_1_193' title='bbox 935 2409 1173 2469; x_wconf 87' lang='lat' dir='ltr'>tempora</span> <span class='ocrx_word' id='word_1_194' title='bbox 1203 2406 1379 2451; x_wconf 89' lang='lat' dir='ltr'>cantat.</span> <span class='ocrx_word' id='word_1_195' title='bbox 1408 2399 1561 2450; x_wconf 54' lang='lat' dir='ltr'>olor„</span> 
     </span>
     <span class='ocr_line' id='line_1_31' title="bbox 396 2469 1617 2542; baseline -0.002 -19"><span class='ocrx_word' id='word_1_196' title='bbox 396 2472 635 2542; x_wconf 88' lang='lat' dir='ltr'>protinus</span> <span class='ocrx_word' id='word_1_197' title='bbox 660 2472 721 2523; x_wconf 87' lang='lat' dir='ltr'>in</span> <span class='ocrx_word' id='word_1_198' title='bbox 751 2471 953 2523; x_wconf 85' lang='lat' dir='ltr'>medias</span> <span class='ocrx_word' id='word_1_199' title='bbox 985 2472 1198 2522; x_wconf 76' lang='lat' dir='ltr'>ornatds</span> <span class='ocrx_word' id='word_1_200' title='bbox 1230 2469 1403 2523; x_wconf 88' lang='lat' dir='ltr'>desilit</span> <span class='ocrx_word' id='word_1_201' title='bbox 1431 2469 1617 2520; x_wconf 85' lang='lat' dir='ltr'>undas.</span> 
     </span>
     <span class='ocr_line' id='line_1_32' title="bbox 334 2539 1638 2612; baseline -0.004 -17"><span class='ocrx_word' id='word_1_202' title='bbox 334 2545 342 2547; x_wconf 47' lang='grc'>”</span> <span class='ocrx_word' id='word_1_203' title='bbox 470 2542 736 2612; x_wconf 84' lang='lat' dir='ltr'>spargitur</span> <span class='ocrx_word' id='word_1_204' title='bbox 764 2542 991 2612; x_wconf 88' lang='lat' dir='ltr'>impulsa</span> <span class='ocrx_word' id='word_1_205' title='bbox 1021 2541 1232 2594; x_wconf 89' lang='lat' dir='ltr'>caerula</span> <span class='ocrx_word' id='word_1_206' title='bbox 1260 2539 1453 2610; x_wconf 91' lang='lat' dir='ltr'>puppis</span> <span class='ocrx_word' id='word_1_207' title='bbox 1485 2557 1638 2608; x_wconf 89' lang='lat' dir='ltr'>aqua.</span> 
     </span>
     <span class='ocr_line' id='line_1_33' title="bbox 396 2611 1759 2682; baseline -0.003 -17"><span class='ocrx_word' id='word_1_208' title='bbox 396 2613 519 2665; x_wconf 88' lang='lat' dir='ltr'>inde</span> <span class='ocrx_word' id='word_1_209' title='bbox 549 2643 622 2650; x_wconf 92' lang='lat'>—</span> <span class='ocrx_word' id='word_1_210' title='bbox 648 2613 752 2666; x_wconf 91' lang='lat' dir='ltr'>fide</span> <span class='ocrx_word' id='word_1_211' title='bbox 782 2613 952 2664; x_wconf 86' lang='lat' dir='ltr'>maius</span> <span class='ocrx_word' id='word_1_212' title='bbox 981 2643 1053 2650; x_wconf 92' lang='lat'>—-</span> <span class='ocrx_word' id='word_1_213' title='bbox 1082 2621 1231 2682; x_wconf 86' lang='lat' dir='ltr'>tergo</span> <span class='ocrx_word' id='word_1_214' title='bbox 1263 2611 1510 2680; x_wconf 90' lang='lat' dir='ltr'>delphina</span> <span class='ocrx_word' id='word_1_215' title='bbox 1539 2627 1759 2663; x_wconf 87' lang='lat' dir='ltr'>recurvo</span> 
     </span>
     <span class='ocr_line' id='line_1_34' title="bbox 469 2683 1580 2752; baseline -0.004 -16"><span class='ocrx_word' id='word_1_216' title='bbox 469 2704 526 2737; x_wconf 90' lang='lat' dir='ltr'>se</span> <span class='ocrx_word' id='word_1_217' title='bbox 555 2693 849 2736; x_wconf 86' lang='lat' dir='ltr'>memorant</span> <span class='ocrx_word' id='word_1_218' title='bbox 879 2684 1025 2736; x_wconf 88' lang='lat' dir='ltr'>oneri</span> <span class='ocrx_word' id='word_1_219' title='bbox 1056 2683 1394 2752; x_wconf 87' lang='lat' dir='ltr'>supposuisse</span> <span class='ocrx_word' id='word_1_220' title='bbox 1426 2699 1580 2733; x_wconf 75' lang='lat' dir='ltr'>novo,</span> 
     </span>
     <span class='ocr_line' id='line_1_35' title="bbox 265 2750 1932 2822; baseline -0.003 -15"><span class='ocrx_word' id='word_1_221' title='bbox 265 2770 367 2816; x_wconf 43' lang='lat'>,115</span> <span class='ocrx_word' id='word_1_222' title='bbox 399 2754 486 2807; x_wconf 91' lang='lat' dir='ltr'>ille</span> <span class='ocrx_word' id='word_1_223' title='bbox 518 2755 705 2807; x_wconf 90' lang='lat' dir='ltr'>sedens</span> <span class='ocrx_word' id='word_1_224' title='bbox 738 2754 1097 2822; x_wconf 88' lang='lat' dir='ltr'>citharamque</span> <span class='ocrx_word' id='word_1_225' title='bbox 1126 2762 1292 2814; x_wconf 88' lang='lat' dir='ltr'>tenet,</span> <span class='ocrx_word' id='word_1_226' title='bbox 1323 2753 1656 2822; x_wconf 87' lang='lat' dir='ltr'>pretiumque</span> <span class='ocrx_word' id='word_1_227' title='bbox 1689 2750 1932 2813; x_wconf 87' lang='lat' dir='ltr'>vehendi,</span> 
     </span>
     <span class='ocr_line' id='line_1_36' title="bbox 472 2824 1746 2893; baseline -0.002 -16"><span class='ocrx_word' id='word_1_228' title='bbox 472 2834 648 2878; x_wconf 87' lang='lat' dir='ltr'>cantat</span> <span class='ocrx_word' id='word_1_229' title='bbox 678 2834 731 2878; x_wconf 86' lang='lat' dir='ltr'>et</span> <span class='ocrx_word' id='word_1_230' title='bbox 760 2843 1046 2893; x_wconf 86' lang='lat' dir='ltr'>aequoreas</span> <span class='ocrx_word' id='word_1_231' title='bbox 1079 2824 1308 2877; x_wconf 89' lang='lat' dir='ltr'>carmine</span> <span class='ocrx_word' id='word_1_232' title='bbox 1339 2824 1535 2876; x_wconf 86' lang='lat' dir='ltr'>mulcet</span> <span class='ocrx_word' id='word_1_233' title='bbox 1565 2840 1746 2890; x_wconf 74' lang='lat' dir='ltr'>aquas·</span> 
     </span>
     <span class='ocr_line' id='line_1_37' title="bbox 401 2893 1706 2966; baseline -0.003 -17"><span class='ocrx_word' id='word_1_234' title='bbox 401 2896 454 2949; x_wconf 93' lang='lat' dir='ltr'>di</span> <span class='ocrx_word' id='word_1_235' title='bbox 484 2897 573 2966; x_wconf 90' lang='lat' dir='ltr'>pia</span> <span class='ocrx_word' id='word_1_236' title='bbox 602 2896 743 2949; x_wconf 88' lang='lat' dir='ltr'>facta</span> <span class='ocrx_word' id='word_1_237' title='bbox 773 2897 969 2949; x_wconf 85' lang='lat' dir='ltr'>vident.</span> <span class='ocrx_word' id='word_1_238' title='bbox 1046 2895 1198 2948; x_wconf 85' lang='lat' dir='ltr'>astris</span> <span class='ocrx_word' id='word_1_239' title='bbox 1229 2894 1478 2964; x_wconf 90' lang='lat' dir='ltr'>delphina</span> <span class='ocrx_word' id='word_1_240' title='bbox 1507 2893 1706 2963; x_wconf 85' lang='lat' dir='ltr'>recepit</span> 
     </span>
     <span class='ocr_line' id='line_1_38' title="bbox 336 2966 1642 3038; baseline -0.003 -18"><span class='ocrx_word' id='word_1_241' title='bbox 336 2969 343 2971; x_wconf 66' lang='grc'><strong>’</strong></span> <span class='ocrx_word' id='word_1_242' title='bbox 470 2967 713 3038; x_wconf 89' lang='lat' dir='ltr'>Iuppiter</span> <span class='ocrx_word' id='word_1_243' title='bbox 742 2977 793 3021; x_wconf 90' lang='lat' dir='ltr'>et</span> <span class='ocrx_word' id='word_1_244' title='bbox 824 2967 1000 3021; x_wconf 90' lang='lat' dir='ltr'>stellas</span> <span class='ocrx_word' id='word_1_245' title='bbox 1030 2966 1182 3019; x_wconf 90' lang='lat' dir='ltr'>iussit</span> <span class='ocrx_word' id='word_1_246' title='bbox 1211 2966 1406 3018; x_wconf 88' lang='lat' dir='ltr'>habere</span> <span class='ocrx_word' id='word_1_247' title='bbox 1435 2983 1642 3017; x_wconf 88' lang='lat' dir='ltr'>novem.</span> 
     </span>
    </p>
   </div>
   <div class='ocr_carea' id='block_1_3' title="bbox 2052 769 2158 3906">
    <p class='ocr_par' dir='ltr' id='par_1_3' title="bbox 2052 769 2158 3906">
     <span class='ocr_line' id='line_1_39' title="bbox 2052 769 2158 3906; baseline 0 -839"><span class='ocrx_word' id='word_1_248' title='bbox 2052 769 2158 3906; x_wconf 95' lang='lat' dir='ltr'>   </span> 
     </span>
    </p>
   </div>
   <div class='ocr_carea' id='block_1_4' title="bbox 290 3100 2145 3531">
    <p class='ocr_par' dir='ltr' id='par_1_4' title="bbox 400 3100 2145 3176">
     <span class='ocr_line' id='line_1_40' title="bbox 400 3100 2145 3176; baseline -0.004 -15"><span class='ocrx_word' id='word_1_249' title='bbox 400 3108 558 3161; x_wconf 89' lang='lat' dir='ltr'>Nunc</span> <span class='ocrx_word' id='word_1_250' title='bbox 588 3108 716 3161; x_wconf 91' lang='lat' dir='ltr'>mihi</span> <span class='ocrx_word' id='word_1_251' title='bbox 746 3108 886 3161; x_wconf 88' lang='lat' dir='ltr'>mille</span> <span class='ocrx_word' id='word_1_252' title='bbox 917 3126 1093 3169; x_wconf 87' lang='lat' dir='ltr'>sonos,</span> <span class='ocrx_word' id='word_1_253' title='bbox 1126 3125 1337 3176; x_wconf 91' lang='lat' dir='ltr'>quoque</span> <span class='ocrx_word' id='word_1_254' title='bbox 1369 3115 1448 3160; x_wconf 87' lang='lat' dir='ltr'>est</span> <span class='ocrx_word' id='word_1_255' title='bbox 1477 3113 1797 3158; x_wconf 89' lang='lat' dir='ltr'>memoratus</span> <span class='ocrx_word' id='word_1_256' title='bbox 1821 3103 2075 3164; x_wconf 84' lang='lat' dir='ltr'>Achilles,</span> <span class='ocrx_word' id='word_1_257' title='bbox 2143 3100 2145 3102; x_wconf 67' lang='grc'><strong>’</strong></span> 
     </span>
    </p>

    <p class='ocr_par' dir='ltr' id='par_1_5' title="bbox 290 3173 2145 3248">
     <span class='ocr_line' id='line_1_41' title="bbox 290 3173 2141 3248; baseline -0.005 -14"><span class='ocrx_word' id='word_1_258' title='bbox 290 3196 371 3234; x_wconf 83' lang='lat'>120</span> <span class='ocrx_word' id='word_1_259' title='bbox 476 3180 685 3241; x_wconf 88' lang='lat' dir='ltr'>vellem,</span> <span class='ocrx_word' id='word_1_260' title='bbox 716 3179 1025 3241; x_wconf 87' lang='lat' dir='ltr'>Maeonide,</span> <span class='ocrx_word' id='word_1_261' title='bbox 1057 3187 1242 3248; x_wconf 84' lang='lat' dir='ltr'>pectus</span> <span class='ocrx_word' id='word_1_262' title='bbox 1272 3178 1443 3229; x_wconf 90' lang='lat' dir='ltr'>inesse</span> <span class='ocrx_word' id='word_1_263' title='bbox 1473 3185 1643 3237; x_wconf 89' lang='lat' dir='ltr'>tuum,</span> <span class='ocrx_word' id='word_1_264' title='bbox 1804 3174 1850 3216; x_wconf 80' lang='lat'>5·</span> <span class='ocrx_word' id='word_1_265' title='bbox 1883 3175 1930 3216; x_wconf 91' lang='lat' dir='ltr'><em>D</em></span> <span class='ocrx_word' id='word_1_266' title='bbox 1952 3174 2005 3216; x_wconf 92' lang='lat' dir='ltr'><em>N</em></span> <span class='ocrx_word' id='word_1_267' title='bbox 2011 3173 2048 3216; x_wconf 90' lang='lat'><em>0</em></span> <span class='ocrx_word' id='word_1_268' title='bbox 2132 3218 2141 3239; x_wconf 50' lang='grc'>.,,</span> 
     </span>
    </p>

    <p class='ocr_par' dir='ltr' id='par_1_6' title="bbox 403 3246 1700 3372">
     <span class='ocr_line' id='line_1_42' title="bbox 403 3246 1700 3317; baseline -0.003 -16"><span class='ocrx_word' id='word_1_269' title='bbox 403 3250 529 3301; x_wconf 91' lang='lat' dir='ltr'>dum</span> <span class='ocrx_word' id='word_1_270' title='bbox 562 3250 797 3302; x_wconf 88' lang='lat' dir='ltr'>canimus</span> <span class='ocrx_word' id='word_1_271' title='bbox 830 3268 1004 3301; x_wconf 89' lang='lat' dir='ltr'>sacras</span> <span class='ocrx_word' id='word_1_272' title='bbox 1036 3250 1235 3300; x_wconf 89' lang='lat' dir='ltr'>alterno</span> <span class='ocrx_word' id='word_1_273' title='bbox 1265 3247 1471 3317; x_wconf 88' lang='lat' dir='ltr'>pectine</span> <span class='ocrx_word' id='word_1_274' title='bbox 1501 3246 1700 3298; x_wconf 89' lang='lat' dir='ltr'>Nonas.</span> 
     </span>
     <span class='ocr_line' id='line_1_43' title="bbox 471 3318 1636 3372; baseline -0.003 -1"><span class='ocrx_word' id='word_1_275' title='bbox 471 3321 734 3372; x_wconf 87' lang='lat' dir='ltr'>maximus</span> <span class='ocrx_word' id='word_1_276' title='bbox 764 3319 850 3371; x_wconf 91' lang='lat' dir='ltr'>hic</span> <span class='ocrx_word' id='word_1_277' title='bbox 881 3319 1030 3371; x_wconf 88' lang='lat' dir='ltr'>fastis</span> <span class='ocrx_word' id='word_1_278' title='bbox 1062 3318 1424 3371; x_wconf 88' lang='lat' dir='ltr'>accumulatur</span> <span class='ocrx_word' id='word_1_279' title='bbox 1452 3318 1636 3369; x_wconf 76' lang='lat' dir='ltr'>honos·</span> 
     </span>
    </p>

    <p class='ocr_par' dir='ltr' id='par_1_7' title="bbox 339 3388 1714 3460">
     <span class='ocr_line' id='line_1_44' title="bbox 339 3388 1714 3460; baseline -0.003 -17"><span class='ocrx_word' id='word_1_280' title='bbox 339 3398 344 3425; x_wconf 74' lang='lat'><em>³</em></span> <span class='ocrx_word' id='word_1_281' title='bbox 405 3391 580 3443; x_wconf 88' lang='lat' dir='ltr'>deficit</span> <span class='ocrx_word' id='word_1_282' title='bbox 608 3390 904 3460; x_wconf 87' lang='lat' dir='ltr'>ingenium,</span> <span class='ocrx_word' id='word_1_283' title='bbox 936 3389 1239 3458; x_wconf 90' lang='lat' dir='ltr'>maioraque</span> <span class='ocrx_word' id='word_1_284' title='bbox 1269 3388 1468 3441; x_wconf 87' lang='lat' dir='ltr'>viribus</span> <span class='ocrx_word' id='word_1_285' title='bbox 1498 3395 1714 3456; x_wconf 84' lang='lat' dir='ltr'>urgent:</span> 
     </span>
    </p>

    <p class='ocr_par' dir='ltr' id='par_1_8' title="bbox 474 3458 1729 3531">
     <span class='ocr_line' id='line_1_45' title="bbox 474 3458 1729 3531; baseline -0.002 -17"><span class='ocrx_word' id='word_1_286' title='bbox 474 3461 604 3514; x_wconf 90' lang='lat' dir='ltr'>haec</span> <span class='ocrx_word' id='word_1_287' title='bbox 634 3461 761 3513; x_wconf 90' lang='lat' dir='ltr'>mihi</span> <span class='ocrx_word' id='word_1_288' title='bbox 790 3460 1074 3531; x_wconf 88' lang='lat' dir='ltr'>praecipuo</span> <span class='ocrx_word' id='word_1_289' title='bbox 1106 3469 1183 3513; x_wconf 87' lang='lat' dir='ltr'>est</span> <span class='ocrx_word' id='word_1_290' title='bbox 1213 3478 1302 3513; x_wconf 87' lang='lat' dir='ltr'>ore</span> <span class='ocrx_word' id='word_1_291' title='bbox 1334 3458 1570 3512; x_wconf 87' lang='lat' dir='ltr'>canenda</span> <span class='ocrx_word' id='word_1_292' title='bbox 1601 3458 1729 3512; x_wconf 74' lang='lat' dir='ltr'>dies-</span> 
     </span>
    </p>
   </div>
  </div>
 </body>
</html>
