2158 3906
491 369 580 416 Ex
608 369 824 416 ΡοΝΤο
856 370 980 415 Lm.
1009 371 1096 416 111.
1127 371 1213 430 lv,
1244 371 1443 428 91-v1‚
1476 352 1548 417 2.'
1761 359 1867 415 263

148 481 203 528 et
230 470 401 542 magis
431 470 661 524 adducto
690 490 909 543 pomum
939 473 1220 544 decerpere
1250 491 1414 537 ramo,

221 560 383 613 quam
412 540 478 596 de
509 542 710 596 caelata
740 562 948 598 sumere
977 544 1127 598 lance
1158 545 1319 598 iuvat.
1896 560 1951 600 20

149 621 206 669 at
234 611 334 666 nisi
364 629 690 683 peccassem,
719 613 821 667 nisi
852 633 938 668 me
967 634 1087 668 mea
1114 616 1278 669 Musa
1306 615 1561 687 fugasset,

222 682 366 754 quod
394 682 525 754 legi,
557 692 649 737 tua
679 702 783 739 vox
814 684 1140 740 exhibuisset
1170 705 1321 759 opus.

148 774 189 810 u
248 772 316 809 ue
344 753 423 807 fui
453 753 660 817 solitus,
692 755 945 809 sedissem
974 755 1194 810 forsitan
1225 777 1362 811 unus

259 843 288 880 e
319 832 531 879 centum
560 824 722 880 iudex
750 825 804 879 in
835 836 927 879 tua
957 827 1120 881 verba
1150 828 1292 892 viris,

149 895 318 953 maior
347 905 400 951 et
428 895 699 966 implesset
726 898 1036 967 praecordia
1064 908 1244 953 nostra
1274 900 1538 970 voluptas,
1898 915 1952 956 25

222 985 345 1021 cum
373 965 608 1021 traherer
637 966 788 1022 dictis
820 969 1212 1039 adnueremque
1243 971 1363 1024 tuis.

147 1056 311 1111 quem
339 1037 590 1108 quoniam
620 1038 787 1092 fatum
856 1040 988 1093 atria
1018 1041 1272 1110 vobisque
1301 1042 1497 1096 relictis

221 1109 356 1164 inter
384 1108 699 1163 inhumanos
731 1059 915 1164 maluit
946 1131 1060 1165 esse
1093 1110 1278 1175 GetaS,

148 1179 295 1251 quod
324 1179 470 1244 licet,
501 1189 560 1234 ut
590 1181 771 1235 videar
799 1192 975 1236 tecum
1006 1184 1176 1254 magis
1207 1202 1322 1237 esse
1351 1183 1595 1254 legend0‚

223 1269 405 1323 saepe,
436 1269 646 1322 precor,
677 1253 836 1305 studii
866 1254 1090 1323 pignora
1118 1255 1266 1307 mitte
1297 1254 1391 1316 tui,
1898 1270 1954 1310 30

24 1364 25 1372 ,
91 1391 93 1395 ⁴
149 1322 500 1393 exemploque
530 1341 673 1387 me0,
704 1323 806 1377 nisi
836 1319 1138 1395 dedignaris
1169 1324 1224 1377 id
1253 1325 1444 1395 ipsum,

221 1402 393 1457 utere,
424 1393 567 1463 quod
595 1394 747 1448 nobis
778 1395 968 1449 rectius
999 1395 1112 1465 ipse
1143 1394 1311 1464 dares.

148 1481 380 1534 namque
411 1482 535 1535 ego,
565 1465 657 1534 qui
686 1466 818 1536 perii
848 1466 952 1518 iam
983 1465 1211 1537 pridem,
1242 1466 1505 1527 Maxime,
1538 1466 1710 1529 vobis,

221 1535 435 1607 ingenio
464 1535 603 1590 nitor
631 1554 738 1589 non
768 1537 984 1607 periisse
1015 1555 1149 1590 meo·
1423 1583 1426 1585 ,

148 1606 313 1662 redde
343 1606 539 1671 vicem,
568 1624 667 1661 nec
696 1626 815 1660 rara
845 1607 923 1661 tui
951 1607 1275 1661 monimenta
1304 1607 1499 1661 laboris
1899 1625 1954 1665 35

221 1676 484 1748 accipiant
511 1686 744 1740 nostrae,
775 1687 929 1749 grata
958 1678 1161 1741 futura,
1193 1697 1397 1732 manus.

23 1740 26 1748 ¹
107 1789 110 1794 -
148 1748 236 1803 dic
266 1756 468 1813 tamen,
499 1765 532 1802 o
561 1748 767 1803 iuvenis
798 1749 1092 1803 studiorum
1123 1750 1278 1821 plene
1309 1767 1564 1813 meorum,

173 1867 184 1883 ,
222 1818 413 1889 ecquid
443 1818 511 1873 ab
541 1818 622 1874 his
652 1819 780 1891 ipsis
812 1820 1126 1883 admoneare
1158 1821 1293 1874 mei?

148 1889 367 1961 ecquid,
397 1890 491 1944 ubi
520 1899 613 1945 aut
641 1891 829 1946 recitas
859 1891 1060 1945 factum
1091 1893 1247 1946 modo
1278 1911 1490 1946 carmen
1521 1892 1719 1956 amicis,

223 1970 336 2026 aut,
368 1961 512 2031 quod
541 1981 699 2033 saepe
730 1963 891 2027 soles,
923 1963 1091 2034 exigis
1122 1973 1180 2016 ut
1210 1963 1445 2023 recitent,
1897 1982 1954 2020 40

147 2032 406 2104 quaeror?
436 2051 505 2086 an
534 2033 799 2087 interdum
828 2043 921 2087 tua
949 2053 1124 2097 mens,
1155 2034 1318 2087 oblita
1348 2033 1478 2103 quid
1508 2033 1662 2097 absit,

222 2103 401 2158 nescio
432 2103 561 2173 quid
591 2114 731 2158 certe
762 2106 918 2158 sentit
948 2105 1133 2159 abesse
1164 2105 1279 2158 sui?

150 2184 318 2245 utque
345 2174 494 2244 loqui
521 2174 749 2228 multum
779 2176 844 2229 de
876 2195 960 2230 me
990 2186 1263 2247 praesente
1295 2176 1520 2239 solebas,

222 2264 366 2299 nunc
393 2263 606 2316 quoque
636 2246 864 2300 Nasonis
894 2266 1087 2301 nomen
1118 2247 1173 2300 in
1203 2265 1293 2300 ore
1323 2256 1414 2299 tuo
1446 2248 1557 2301 est?

149 2316 265 2388 ipse
294 2316 509 2386 quidem
541 2315 732 2371 Getico
761 2337 974 2389 peream
1005 2318 1230 2371 violatus
1261 2317 1328 2370 ab
1358 2337 1486 2371 arcu
1895 2336 1951 2375 45

222 2386 301 2456 (et
331 2387 398 2441 sit
427 2387 625 2458 periuri
655 2407 815 2457 quam
845 2408 1010 2460 prope
1040 2408 1234 2459 poena,
1266 2388 1477 2453 videsl),
1777 2408 1805 2430 x

23 2455 24 2458 '
88 2471 90 2475 ’
149 2467 203 2513 te
233 2458 333 2512 nisi
361 2459 640 2513 momentis
671 2459 823 2513 video
861 2479 1028 2530 paene
1059 2460 1304 2513 omnibus
1335 2460 1542 2514 absens,

223 2529 394 2601 gratia
424 2529 528 2593 dis,
558 2531 722 2584 menti
752 2532 988 2599 quolibet
1017 2531 1092 2585 ire
1122 2530 1269 2585 licet!

152 2600 252 2655 hac
284 2600 378 2654 ubi
407 2601 623 2724 perveni
653 2602 783 2655 nulli
814 2603 1107 2657 cernendus
1138 2603 1192 2655 in
1224 2601 1427 2664 urbem,

223 2690 381 2742 saepe
430 2690 598 2742 oquor
626 2682 827 2737 tecum,
859 2693 1016 2744 saepe
1046 2674 1293 2743 loquente
1325 2674 1489 2726 fruor.
1896 2693 1952 2732 50

151 2750 267 2810 tum
297 2741 453 2805 mihi,
484 2742 698 2797 difficile
729 2754 832 2807 est,
863 2762 1024 2813 quam
1055 2744 1121 2798 sit
1152 2745 1309 2807 bene,
1342 2745 1541 2808 dicere,
1574 2762 1844 2815 quamque

225 2812 451 2867 candida
479 2813 687 2867 iudiciis
715 2814 806 2868 illa
835 2815 901 2868 sit
930 2815 1059 2868 hora
1087 2815 1236 2868 meis.

150 2892 268 2937 tum
296 2902 407 2946 me,
439 2883 483 2937 si
513 2901 620 2953 qua
649 2884 805 2948 fides,
836 2885 1047 2939 caelesti
1078 2886 1202 2938 sede
1233 2896 1506 2955 receptum

226 2973 350 3008 cum
378 2953 658 3008 fortunatis
689 2956 927 3026 suspicor
956 2975 1071 3010 esse
1101 2956 1230 3010 deis·

23 3023 46 3074 ⁴.
152 3045 336 3079 rursus
367 3025 461 3078 ubi
490 3025 595 3078 huc
625 3027 780 3090 redii,
812 3027 1017 3080 caelum
1048 3045 1372 3097 superosque
1403 3027 1662 3096 relinqu0,
1897 3047 1952 3085 55

228 3116 260 3149 a
291 3096 460 3167 Styge
489 3115 587 3151 nec
616 3098 772 3168 longe
802 3098 1027 3150 Pontica
1057 3097 1215 3150 distat
1246 3097 1455 3151 humus.

79 3174 83 3179 '
154 3168 298 3222 unde
329 3186 430 3239 ego
461 3167 507 3221 si
535 3167 644 3221 fato
675 3170 813 3222 nitor
842 3169 1153 3239 prohibent-e
1182 3170 1392 3231 reverti,

228 3257 378 3310 spem
407 3238 519 3293 sine
549 3239 815 3310 profectu,
845 3240 1109 3303 Maxime,
1140 3240 1264 3293 tolle
1296 3238 1451 3292 mihi:

967 3354 1066 3409 VI.

158 3450 307 3505 Naso
338 3470 458 3515 suo,
489 3454 665 3524 posuit
694 3473 886 3508 nomen
917 3454 1003 3508 cui
1032 3473 1228 3525 paene,
1262 3453 1428 3507 sodali
1740 3454 1986 3498 AMICO-

235 3521 397 3576 mittit
426 3523 494 3577 ab
526 3524 750 3579 Euxinis
780 3525 881 3580 hoc
911 3526 1071 3580 breve
1103 3544 1316 3579 carmen
1348 3526 1514 3594 aquis·
