2158 3906
680 352 943 400 OPERUM
972 350 1390 399 FRAGMENTA.
1787 339 1895 394 295

978 455 1092 510 VII
1142 479 1158 489 *-

180 526 459 597 Priapeum
488 525 614 579 ΙΙΙ.·

252 609 499 666 Obscure
528 621 765 680 poteram
794 611 891 664 tibi
921 611 1119 665 dicere:
1151 611 1245 665 ‘da
1275 610 1426 675 mihi,
1458 610 1624 680 quod,
1657 619 1717 665 tu

297 735 310 745 ,,
323 681 416 736 des
445 680 568 735 licet
599 681 836 745 assidue,
867 682 941 735 nil
971 691 1148 736 tamen
1178 681 1300 736 inde
1331 682 1480 753 perit.

252 752 324 807 da
352 750 507 815 mihi,
539 753 683 822 quod
712 753 893 823 cupies
922 752 1118 807 frustra
1149 753 1274 808 dare
1305 753 1526 806 forsitan
1555 753 1699 816 olim,

324 841 445 878 cum
476 832 619 877 tenet
648 823 890 877 obsessas
920 823 1100 877 invida
1129 823 1296 878 barba
1324 843 1508 894 genas,

250 894 500 966 quodque
530 894 647 948 Iovi
678 894 919 959 dederat,
950 895 1042 964 qui
1071 904 1252 965 raptus
1283 895 1351 948 ab
1381 896 1504 948 alite
1534 913 1684 949 sacra
1924 910 1952 950 5

324 965 510 1019 miscet
539 965 759 1019 amatori
789 966 980 1037 pocula
1008 975 1160 1035 grata
1191 984 1304 1028 suc,

219 1045 221 1050 “
249 1036 397 1107 quod
427 1036 577 1107 virgo
608 1037 779 1107 prima
808 1036 999 1108 cupido
1031 1037 1122 1090 dat
1151 1047 1303 1091 nocte
1340 1037 1544 1100 marit0,

325 1108 453 1160 dum
484 1107 632 1161 timet
662 1108 878 1162 alterius
906 1109 1097 1161 vulnus
1128 1108 1306 1178 inepta
1335 1107 1471 1161 loci.'

253 1178 543 1263 simplicius
573 1179 738 1232 multo
770 1188 850 1233 est
879 1178 973 1231 ‘da
1003 1178 1269 1249 pedicare'
1303 1179 1497 1233 Latine

325 1250 515 1304 dicere.
589 1249 718 1319 quid
746 1249 972 1304 faciam?
1003 1268 1179 1303 crassa
1208 1249 1456 1303 Minerva
1484 1269 1604 1304 mea
1633 1259 1727 1304 est.
1931 1266 1985 1306 10

180 1334 468 1478 cs.[SenSe]ca
504 1345 722 1389 controv.
761 1336 804 1389 I
833 1337 885 1399 2,
917 1336 1017 1388 22:
1076 1338 1353 1384 Ovidianum
1387 1338 1505 1383 illud
1549 1335 1753 1405 ‘inepta
1796 1333 1897 1387 loci

282 1426 327 1459 v.
426 1445 439 1460 .

968 1503 1112 1558 VIII

186 1604 400 1673 Quintil.
442 1604 524 1657 VI
546 1606 596 1665 5,
627 1604 722 1656 96:
771 1607 993 1653 adiuvant
1025 1606 1335 1652 urbanitatem
1376 1610 1423 1650 et
1461 1620 1619 1651 versus
1659 1608 1897 1652 commode

253 1670 414 1732 positi,
443 1685 525 1717 seu
544 1671 650 1728 toti,
677 1675 730 1717 ut
750 1676 875 1728 sunt,
906 1670 1029 1728 quod
1051 1671 1168 1716 adeo
1190 1670 1327 1715 facile
1349 1675 1441 1726 est,
1469 1674 1522 1714 ut
1543 1670 1734 1715 Ovidius
1757 1684 1811 1715 ex
1831 1676 1899 1716 te-

252 1727 680 1832 glsgsrtiitcl-iou—Macri
708 1728 910 1774 carmine
947 1727 1151 1773 librum
1188 1727 1245 1771 in
1280 1726 1455 1772 malos
1490 1733 1688 1786 poetas
1717 1742 1899 1787 compo-

989 1871 1081 1925 IX

190 1974 399 2030 Ovidius
430 1978 490 2027 ea·
518 1974 684 2026 Ponto
716 1973 757 2025 I
784 1973 834 2034 7,
867 1973 941 2025 27
972 1991 1080 2042 sqq.
1113 1971 1489 2039 (Messallino).·

219 2077 319 2114 nec
348 2067 470 2111 tuus
501 2065 578 2111 est
607 2056 814 2127 genitor
845 2054 1135 2127 [Messalla]
1170 2074 1266 2108 nos
1296 2056 1549 2109 infitiatus
1579 2057 1775 2111 amicos
1793 2096 1806 2111 .
1824 2096 1838 2112 .
1857 2096 1873 2111 .

221 2129 307 2184 oui
336 2147 433 2183 nos
463 2138 515 2183 et
545 2128 812 2190 lacrimae,
843 2145 1148 2197 supremum
1179 2127 1234 2180 in
1263 2126 1448 2180 funere
1479 2146 1691 2191 munus,

292 2210 344 2254 et
375 2199 616 2254 dedimus
647 2198 821 2252 medio
853 2199 1047 2269 scripta
1078 2198 1315 2252 canenda
1344 2198 1478 2251 foro.

1014 2311 1076 2364 X

144 2422 151 2461 f
190 2413 400 2469 Ovidius
432 2431 492 2467 ea·
521 2413 688 2466 Ponto
720 2412 762 2465 I
783 2413 835 2475 2,
869 2413 957 2463 {51
987 2410 1179 2479 (Fabio
1210 2412 1492 2480 Maximo).-

292 2497 381 2551 ille
412 2515 535 2567 eg0,
567 2497 658 2566 qui
689 2495 817 2549 duxi
848 2506 1047 2550 vestros
1080 2498 1488 2566 Hymenaeon
1519 2497 1587 2549 ad
1616 2498 1767 2569 ignes

358 2579 411 2623 et
441 2568 608 2623 cecini
636 2567 812 2622 fausto
845 2568 1080 2621 carmina
1110 2568 1272 2638 digna
1302 2577 1417 2621 toro

193 2782 402 2839 Ovidius
432 2782 501 2835 ib.
533 2781 640 2834 III
661 2783 694 2831 4
725 2779 990 2852 (Rufino),
1023 2781 1089 2850 cf.
1121 2782 1190 2833 ib.
1221 2781 1294 2833 II
1317 2783 1365 2841 5,
1397 2782 1473 2832 27
1501 2801 1596 2832 —-.·

260 2876 424 2936 utque
455 2883 551 2920 suo
580 2864 786 2928 faveaS,
817 2865 1057 2928 mandat,
1090 2865 1308 2927 Rufine,
1339 2864 1720 2935 Triumpho.
1739 2905 1753 2917 .
1771 2905 1785 2920 .
1934 2886 1959 2924 3

263 2948 343 2992 est
373 2956 508 3008 opus
538 2937 792 3006 exiguum
821 2936 1114 3005 vestrisque
1143 2935 1414 3006 paratibus
1444 2935 1616 3004 impar
1633 2975 1646 2988 .
1663 2975 1677 2988 .
1696 2975 1709 2988 .
1932 2956 1958 2993 5

263 3018 559 3079 spectatum
588 3017 734 3061 vates
766 3006 856 3059 alii
885 3007 1140 3077 scripsere
1171 3006 1497 3075 triumphum
1517 3045 1529 3058 .
1549 3046 1561 3058 .
1938 3027 1987 3064 17

262 3098 360 3134 nos
390 3098 454 3134 ea
483 3078 574 3132 vix
602 3078 812 3133 avidam
841 3079 1003 3149 vulgo
1033 3086 1242 3147 captata
1270 3096 1364 3147 per
1394 3096 1575 3131 aurem
1936 3096 1986 3134 1'9

336 3149 666 3221 scripsimus,
698 3159 857 3218 atque
887 3149 1027 3203 oculi
1055 3149 1199 3202 fama
1228 3148 1375 3202 fuere
1406 3148 1542 3201 mei.
1563 3188 1575 3200 .
1596 3189 1608 3199 .

264 3239 372 3292 quo
402 3221 597 3293 magis,
628 3239 659 3273 o
689 3221 876 3284 lector,
909 3220 1070 3274 debes
1100 3221 1397 3290 ignoscere,
1430 3219 1474 3272 si
1504 3220 1631 3288 quid
1934 3239 1989 3277 43

338 3302 571 3347 erratum
600 3301 680 3346 est
707 3291 814 3344 illic
844 3291 1251 3362 praeteritumve
1281 3291 1439 3358 mihi.
1459 3330 1471 3342 .
1491 3330 1503 3342 .

264 3381 374 3434 quo
403 3363 538 3434 pede
566 3380 708 3416 nunc
738 3372 879 3426 utar,
911 3363 1074 3416 dubia
1103 3373 1183 3416 est
1214 3362 1471 3415 sententia
1501 3359 1676 3414 nobis:
1934 3379 1987 3417 87

340 3434 471 3487 alt-er
500 3434 639 3488 enim
670 3434 736 3488 de
767 3443 842 3497 te,
873 3434 1084 3498 Rhene,
1115 3433 1413 3502 triumphus
1443 3433 1654 3486 adest..
1674 3473 1686 3485 .
1926 3486 1933 3494 ,

341 3504 516 3558 danda
546 3505 663 3559 Iovi
691 3505 871 3560 laurus
881 3545 896 3570 ‚
929 3505 1057 3559 dum
1086 3506 1229 3576 prior
1256 3504 1347 3557 illa
1377 3504 1526 3557 viret.
1939 3521 1993 3560 90
