2158 3906
37 404 56 444 Β
736 363 933 410 IBIDIS
965 365 1204 410 168—255.

0 516 3 523 ,
187 485 342 539 quem
375 466 580 537 peperit
610 484 803 536 magno
834 466 1009 520 lucida
1039 466 1189 519 Maia
1218 467 1351 521 Iovi.

1 541 3 595 ὲ
27 529 63 593 sai<
118 548 170 595 te
199 539 312 593 fera
341 550 439 591 nec
470 536 753 606 quicquam
784 536 1053 607 placidum
1083 538 1394 607 spondentia
1423 537 1616 592 Martis

0 606 55 678 3222*
189 609 360 663 sidera
389 616 694 679 presserunt
722 607 1050 676 falciferique
1082 609 1235 661 senis.

27 655 60 731 li
116 681 209 735 lux
239 696 450 750 quoque
479 678 694 802 mataliffi
727 697 792 732 ne
807 678 951 801 {ligici
981 678 1081 730 nisi
1113 679 1257 801 ni'isoe
1288 679 1511 744 videreS,

24 772 57 805 ω
189 760 246 804 tu
313 749 357 803 is
389 757 442 804 et
471 749 524 802 in
567 748 700 802 uotis
732 767 803 801 nu
846 749 861 800 i
902 768 963 801 us
995 759 1109 802 atra
1163 750 1254 802 uit.

31 797 65 863 ’ξ
117 769 380 883 Βαθοηέεῒ,
412 819 467 873 in
497 819 647 874 fastis
679 819 764 873 cui
795 819 885 872 dat
914 820 1091 890 gravis
1121 820 1266 874 Allia
1296 840 1505 886 nomen,

44 882 62 907 ”’
187 909 430 961 quaeque
461 890 572 944 dies
603 890 748 954 Ibin,
780 890 994 960 publica
1024 891 1242 954 damna,
1274 893 1408 944 tulit.

40 958 65 1067 ἰᾷ
114 963 207 1034 qui
239 962 394 1015 simul
423 961 632 1032 impura
662 961 844 1014 matris
875 962 1150 1032 prolapsus
1182 962 1249 1014 ab
1281 964 1400 1016 alvo

5 1098 6 1104 ,
188 1031 510 1104 Cinyphiam
541 1032 698 1086 foedo
730 1050 947 1103 corpore
979 1033 1168 1103 pressit
1199 1033 1437 1098 humum,

5 1116 7 1150 ἒ
40 1070 70 1212 Ξ
99 1104 250 1171 >sedit
269 1104 333 1167 jn
364 1104 585 1158 adverso
616 1113 903 1157 nocturnus
935 1103 1161 1157 culmine
1193 1104 1353 1166 bub0‚

6 1198 7 1206 κ
40 1177 67 1224 ζ
185 1175 512 1244 funereoque
542 1194 730 1245 graves
763 1174 927 1228 edidit
957 1193 1046 1228 ore
1078 1193 1250 1227 sonos.

43 1246 74 1298 -3
112 1245 352 1319 protinus
383 1245 707 1300 Eumenides
738 1246 912 1299 lavere
943 1245 1264 1315 palustribus
1296 1246 1469 1308 undiS‚

24 1365 26 1371 ,
61 1314 65 1319 ’
185 1335 292 1387 qua
322 1336 453 1371 cava
483 1317 549 1371 de
581 1316 784 1387 Stygiis
814 1317 1038 1369 fluxerat
1067 1315 1210 1368 unda
1240 1317 1406 1378 vadiS,

7 1431 9 1468 ζ
26 1409 35 1464 :ss
64 1403 69 1439 ³..
113 1397 432 1460 pectoraque
463 1394 727 1442 unxerunt
756 1386 996 1440 Erebeae
1028 1385 1150 1439 felle
1181 1386 1429 1440 colubrae

7 1475 9 1482 ’
64 1469 65 1473 ’
185 1470 370 1528 terque
392 1467 699 1518 ,cruentatas
729 1457 1035 1527 increpuere
1067 1476 1270 1509 manus.

69 1587 71 1591 ,
110 1539 434 1602 gutturaque
462 1529 766 1582 imbuerunt
793 1527 1014 1580 infantia
1044 1528 1178 1581 lacte
1210 1527 1422 1580 canino:

67 1607 71 1669 j
185 1600 269 1654 hic
299 1601 500 1684 primus
530 1598 680 1671 pueri
711 1599 854 1652 venit
883 1598 938 1651 in
969 1616 1060 1651 ora
1091 1598 1263 1661 cibus3

8 1723 11 1737 ,
38 1695 68 1788 ξ
113 1671 341 1744 perbibit
369 1670 492 1725 inde
523 1689 649 1725 suae
679 1669 881 1724 rabiem
911 1669 1129 1722 nutricis
1162 1669 1423 1732 alumnus,

8 1743 11 1786 ἶ
40 1750 75 1811 1513}
184 1743 339 1796 latrat
369 1750 422 1796 et
450 1742 505 1796 in
535 1750 644 1795 toto
675 1740 838 1795 verba
868 1740 1056 1794 canina
1087 1740 1217 1793 foro.

9 1803 11 1842 ¹
39 1818 79 1876 ζ’,
111 1813 454 1883 membraque
485 1812 767 1867 vinxerunt
797 1811 972 1866 tinctis
1004 1812 1271 1882 ferrugine
1303 1811 1509 1883 pannis,

184 1904 216 1938 a
245 1885 381 1939 male
413 1884 619 1938 deserto
649 1901 782 1953 quos
812 1902 867 1937 ra
908 1902 1032 1937 uere
1063 1901 1216 1953 rogo:

37 1983 45 2003 s
74 1999 75 2017 2
111 1963 167 2010 et
195 1974 261 2010 ne
291 1974 398 2018 non
427 1955 621 2009 fultum
650 1955 794 2008 nuda
825 1963 875 2008 te
898 1955 1009 2007 lure
1040 1954 1250 2016 iaceret,

183 2027 340 2080 molle
372 2045 530 2097 super
561 2026 730 2080 silices
761 2026 1058 2096 imposuere
1090 2036 1264 2095 caput.

112 2097 322 2167 iamque
353 2116 655 2152 recessurae
686 2097 840 2150 viridi
870 2096 936 2150 de
967 2096 1142 2167 stipite
1172 2096 1340 2149 factas

78 2218 82 2227 ,,
185 2170 468 2222 admorunt
497 2168 662 2222 oculis
693 2186 860 2237 usque
891 2167 991 2221 sub
1022 2186 1114 2221 ora
1143 2166 1303 2220 faces.

33 2247 49 2293 ’ξι
70 2238 82 2258 ’“
113 2239 296 2304 flebat,
326 2249 386 2292 ut
416 2248 495 2293 est
523 2239 697 2292 infans
727 2239 887 2292 fumis
918 2247 1189 2292 contactus
1220 2240 1436 2302 amaris;

185 2311 250 2365 de
280 2311 448 2364 tribus
480 2319 559 2364 est
589 2329 711 2364 cum
741 2310 816 2364 sic
846 2329 952 2363 una
981 2310 1157 2363 locuta
1188 2327 1354 2362 soror:

45 2378 77 2454 Ξ
113 2387 346 2453 ‘tempus
377 2381 431 2435 in
461 2381 759 2436 inmensum
788 2381 1031 2434 lacrimas
1062 2380 1157 2433 tibi
1188 2380 1449 2434 movimus
1480 2381 1624 2445 istae,

185 2471 319 2523 quae
350 2471 558 2524 semper
589 2471 747 2506 causa
778 2452 1072 2506 sufficiente
1103 2450 1326 2504 cadent.'

48 2519 95 2568 ἶ
114 2523 331 2578 dixerat.
407 2533 461 2578 et
492 2522 685 2578 Clotho
715 2523 866 2576 iussit
896 2523 1152 2594 promissa
1182 2523 1375 2587 valere,

184 2595 330 2649 nevit
359 2604 412 2649 et
439 2594 632 2649 infesta
663 2594 888 2648 stamina
917 2595 1063 2664 pulla
1093 2612 1272 2656 manu,

57 2682 66 2696 '
113 2674 169 2722 et
196 2685 262 2720 ne
292 2666 453 2737 longa
483 2684 578 2720 suo
608 2666 884 2736 praesagia
915 2666 1112 2719 diceret
1143 2684 1249 2727 ore,

187 2736 323 2789 ‘fata
353 2746 506 2790 canet
534 2746 680 2790 vates
711 2737 801 2806 qui
834 2736 967 2799 tua’,
1000 2737 1132 2789 dixit
1162 2736 1316 2790 ‘erit.'

56 2834 87 2873 -T
114 2807 202 2862 ille
233 2824 333 2878 ego
365 2826 483 2860 sum
513 2817 684 2870 vates,
716 2826 810 2876 per
839 2826 922 2859 me
954 2816 1046 2860 tua
1076 2807 1296 2859 vulnera
1324 2807 1513 2870 disceS,

20 2890 21 2893 ’
186 2878 241 2931 di
268 2878 426 2931 modo
458 2877 583 2931 dent
612 2877 748 2931 vires
777 2877 833 2929 in
863 2896 981 2930 mea
1011 2877 1174 2930 verba
1204 2896 1344 2930 suas.

115 2949 542 3018 carminibusque
570 2948 701 3001 meis
732 2948 984 3001 accedent
1013 2947 1249 3017 pondera
1277 2966 1471 3010 rerum,

69 3074 74 3080 ,
187 3038 324 3089 quae
353 3028 467 3073 rata
495 3038 589 3089 per
617 3020 790 3072 luctus
821 3018 1090 3089 experiere
1121 3027 1255 3070 tuos‚
1287 3048 1358 3055 ——

115 3110 250 3145 neve
280 3090 392 3145 sine
423 3090 676 3161 exemplis
709 3090 825 3143 aevi
855 3089 1086 3143 cruciere
1116 3088 1327 3159 prioris:

68 3227 71 3230 Ι
188 3162 292 3215 sint
321 3171 414 3215 tua
442 3161 684 3214 Troianis
714 3179 822 3214 non
851 3161 1048 3214 leviora
1078 3159 1252 3221 malis;

73 3238 78 3249 ’
117 3241 418 3302 quantaque
449 3232 699 3303 clavigeri
729 3232 1018 3286 Poeantius
1049 3231 1296 3284 Herculis
1328 3230 1498 3294 heres,

78 3359 86 3377 =‚
189 3313 335 3357 tanta
364 3314 623 3357 venenato
654 3303 874 3357 vulnera
904 3321 1053 3356 crure
1084 3321 1260 3372 geras:

72 3383 86 3446 ξ,
118 3391 216 3427 nec
245 3373 414 3428 levius
445 3375 646 3438 doleas,
678 3393 838 3444 quam
868 3373 959 3443 qui
989 3373 1123 3426 bibit
1152 3373 1317 3425 ubera
1349 3390 1553 3435 cervae,

191 3444 479 3514 armatique
510 3446 626 3499 tulit
658 3446 878 3508 vulnus,
908 3444 1122 3498 inermis
1152 3463 1331 3513 opem:

122 3513 317 3584 quique
347 3515 414 3568 ab
445 3533 582 3586 equo
610 3535 862 3588 praeceps
893 3516 949 3569 in
978 3516 1135 3568 Ale'i'a
1166 3514 1357 3568 decidit
1390 3533 1531 3577 arva,

1721 354 1829 408 205

1858 696 1940 735 215

1855 1051 1940 1092 220

1857 1404 1939 1444 225

1858 1758 1941 1798 230

1856 2114 1939 2153 235

1856 2470 1939 2510 240

1856 2824 1939 2864 245

1858 3177 1940 3216 250

1859 3531 1941 3569 255
