2158 3906
447 449 451 453 .
482 390 571 435 EX
599 390 816 438 PONTO
846 390 969 436 LIB.
1000 391 1083 439 lv.
1117 391 1203 449 IX,
1234 392 1407 448 67-x,
1440 392 1509 437 18.
1745 381 1847 436 281

139 491 222 547 his
253 508 352 563 ego
385 491 452 545 do
484 491 673 546 totiens
705 510 824 546 curn
857 502 971 547 ture
1002 493 1270 563 precantia
1299 493 1477 557 verba,

6 620 7 632 γ
209 561 328 616 Εοο
358 561 601 686 quotiens
633 563 799 634 surgit
830 563 898 617 ab
929 563 1055 618 orbe
1086 563 1214 618 dies.

6 647 7 657 ¹
66 651 69 654 ⁴
140 641 250 688 tota
278 662 351 671 —
398 631 500 699 icet
530 650 752 702 quaeras
783 664 853 672 —
884 633 984 688 hoc
1013 653 1097 689 me
1127 653 1234 688 non
1263 634 1461 706 fingere
1493 635 1631 690 dicet

211 702 372 758 officii
402 702 547 757 testis
578 703 804 758 Pontica
834 714 972 758 terra
1001 705 1120 759 mei.

138 773 366 828 Pontica
394 792 480 828 me
510 773 688 837 tellus,
719 775 929 844 quantis
961 775 1062 830 hac
1129 793 1373 830 ossumus
1404 795 1513 842 ora,
1881 793 1966 834 115

210 845 442 900 natalem
471 844 609 898 ludis
640 844 739 899 scit
769 846 1035 900 celebrare
1103 847 1166 901 ei.

139 934 237 970 nec
266 915 440 981 minus
469 915 765 986 hospitibus
795 917 963 987 pietas
995 927 1074 972 est
1104 917 1316 989 cognita
1345 918 1480 980 talis,

210 985 349 1040 misit
379 986 434 1040 in
463 985 558 1040 has
590 987 632 1040 si
663 1005 796 1057 quos
826 988 987 1059 longa
1016 988 1300 1060 Propontis
1331 1006 1512 1059 aquas.

137 1057 182 1112 is
213 1074 449 1128 quoque,
480 1075 586 1128 quo
615 1059 798 1112 laevus
827 1058 1001 1113 fuerat
1031 1059 1131 1113 sub
1160 1059 1401 1131 praeside
1430 1060 1653 1123 Pontus,

211 1128 437 1183 audierit
466 1127 630 1183 frater
658 1129 879 1183 forsitan
909 1130 1011 1183 ista
1040 1140 1178 1184 tuus.
1435 1179 1437 1181 .
1881 1147 1967 1188 120

137 1199 351 1253 fortuna
380 1207 458 1254 est
487 1199 659 1271 impar
689 1200 888 1263 anim0,
919 1200 1116 1270 talique
1146 1201 1371 1256 libenter

182 1301 186 1307 ·
210 1270 431 1342 exiguas
463 1288 623 1342 carpo
653 1290 871 1326 munere
901 1289 1105 1343 pauper
1134 1290 1277 1342 opes.

136 1358 235 1396 nec
265 1340 452 1395 vestris
483 1341 670 1395 damus
701 1342 832 1397 haec
862 1341 1050 1404 oculis,
1081 1342 1266 1413 procul
1295 1342 1427 1396 urbe
1457 1343 1666 1397 remoti:

209 1412 441 1466 contenti
470 1412 631 1467 tacita
661 1412 755 1467 sed
784 1412 978 1483 pietate
1008 1431 1208 1466 sumus.

138 1490 190 1538 et
208 1492 398 1537 tamen
427 1482 560 1538 haec
589 1492 809 1554 tangent
840 1483 1123 1552 aliquando
1155 1481 1401 1537 Caesaris
1431 1502 1608 1537 aures:
1883 1502 1966 1542 125

206 1553 281 1607 nil
309 1553 485 1618 illum,
515 1562 624 1608 toto
655 1554 799 1624 quod
828 1554 887 1607 fit
914 1554 969 1607 in
999 1554 1150 1616 orbe,
1179 1553 1325 1607 latet.

135 1632 194 1678 tu
224 1634 365 1679 certe
395 1624 498 1679 scis
527 1623 652 1688 hoc,
684 1624 886 1696 superis
917 1623 1101 1687 ascite,
1131 1623 1404 1693 videsque,

4 1730 6 1759 ÷
207 1692 432 1759 Caesar,
461 1703 522 1749 ut
552 1704 632 1749 est
661 1694 827 1749 oculis
858 1694 1071 1748 subdita
1100 1704 1238 1749 terra
1269 1694 1397 1748 tuis:

68 1816 72 1818 .
134 1773 192 1820 tu
222 1775 428 1820 nostras
459 1765 612 1820 audis
641 1765 777 1820 inter
807 1784 1044 1820 convexa
1072 1765 1275 1820 locatus

207 1836 403 1901 sidera,
434 1836 659 1892 sollicito
687 1854 819 1907 quas
850 1837 1038 1891 damus
1069 1855 1183 1901 ore,
1214 1855 1413 1908 preces.
1883 1855 1969 1896 130

70 1908 73 1910 ’
134 1908 444 1979 perveniant
473 1907 610 1962 istuc
640 1916 693 1962 et
723 1908 957 1962 carmina
987 1908 1208 1962 forsitan
1238 1908 1344 1971 illa,

209 1987 346 2048 quae
377 1978 442 2033 de
473 1987 524 2034 te
554 1978 674 2032 misi
705 1979 889 2033 caelite
920 1978 1062 2033 facta
1091 1997 1246 2032 novo.

68 2051 69 2054 ’
136 2068 370 2120 auguror
398 2049 479 2104 his
508 2049 671 2121 igitur
699 2049 839 2104 flecti
869 2059 962 2103 tua
991 2049 1231 2113 numina3
1263 2067 1360 2104 nec
1390 2057 1449 2103 tu

4 2119 5 2135 ¹
207 2120 451 2175 inmerito
481 2138 674 2175 nomen
705 2120 831 2174 mite
862 2121 1094 2191 parentis
1125 2120 1306 2174 habes.

955 2233 1032 2286 X.

136 2334 290 2388 Haec
319 2332 449 2386 mihi
481 2331 767 2387 Cimmerio
798 2332 879 2386 bis
910 2333 1063 2386 tertia
1094 2332 1305 2387 ducitur
1334 2343 1504 2387 aestas
1656 2331 1835 2376 ALBI
1838 2333 1892 2377 N
1896 2333 1963 2376 0·

68 2462 69 2466 ,
205 2404 358 2458 litore
388 2403 596 2475 pellitos
626 2403 763 2457 inter
793 2404 1000 2474 agenda
1032 2402 1218 2457 Getas.
1706 2388 1791 2432 VA
1803 2389 1859 2432 N
1861 2390 1911 2433 0·

4 2496 5 2499 ¹
135 2493 195 2539 ec
234 2493 331 2529 uos
362 2484 421 2528 tu
451 2474 648 2538 silicea,
680 2474 908 2543 ecquod,
941 2474 1233 2538 carissime,
1264 2474 1463 2529 ferrum

67 2555 69 2558 ’
131 2542 137 2563 ⁵
224 2545 430 2600 uritiae
461 2545 668 2600 confers
679 2584 694 2608 ,
726 2545 1090 2609 Albinovane,
1123 2546 1306 2599 meae?

134 2625 287 2687 gutta
316 2626 468 2670 cavat
498 2616 755 2687 lapidem,
785 2617 1113 2670 consumitur
1144 2617 1332 2670 anulus
1363 2636 1482 2681 usu,
1877 2636 1907 2674 5

208 2696 261 2741 et
289 2687 473 2742 teritur
502 2706 683 2758 pressa
713 2705 895 2741 vomer
926 2686 1164 2742 aduncus
1195 2687 1381 2751 hum03

135 2766 344 2828 tempus
374 2757 510 2812 edax
539 2758 702 2828 igitur
729 2767 936 2828 praeter
965 2776 1061 2812 nos
1092 2759 1269 2811 omnia
1298 2758 1487 2829 perdit,

208 2837 379 2883 cessat
409 2827 602 2881 duritia
630 2845 771 2881 mors
801 2846 1011 2897 quoque
1042 2828 1183 2882 victa
1210 2830 1361 2882 mea?

136 2899 439 2970 exemplum
469 2907 548 2952 est
578 2898 740 2951 animi
767 2898 990 2951 nimium
1020 2899 1267 2969 patientis
1295 2898 1502 2962 UlixeS,

207 2970 432 3024 iactatus
464 2968 625 3023 dubio
655 2987 751 3039 per
781 2968 886 3022 duo
916 2969 1082 3022 lustra
1110 2970 1265 3022 mari:
1304 2974 1309 2979 ”
1881 2989 1939 3027 lo

136 3050 375 3111 tempora
404 3040 612 3093 solliciti
642 3040 735 3093 sed
763 3057 872 3092 non
901 3050 1079 3092 tamen
1109 3040 1285 3093 omnia
1314 3039 1411 3093 fati

207 3110 447 3182 pertulit,
479 3120 531 3165 et
559 3110 798 3181 placidae
828 3129 987 3180 saepe
1017 3111 1166 3164 fuere
1197 3129 1392 3163 morae.

75 3193 84 3210 ·“
138 3201 206 3236 an
234 3200 398 3253 grave
429 3200 522 3235 sex
552 3181 702 3234 annis
732 3180 1007 3253 pulchram
1038 3181 1232 3235 fovisse
1264 3179 1496 3251 Calypso

210 3270 609 3336 aequoreaeque
639 3251 741 3305 fuit
771 3252 1119 3305 concubuisse
1149 3252 1311 3306 deae?

141 3323 334 3395 exciplt
363 3323 723 3394 Hippotades,
755 3323 848 3393 qui
876 3323 966 3376 dat
995 3341 1091 3393 pro
1121 3342 1338 3377 munere
1369 3332 1571 3386 ventOS,
1881 3341 1936 3380 15

211 3403 394 3448 curvet
421 3403 482 3447 ut
510 3394 765 3464 impulsos
794 3392 937 3447 utilis
968 3413 1097 3447 aura
1127 3394 1289 3447 sinus·

139 3482 238 3520 nec
267 3465 403 3519 bene
434 3465 689 3519 cantantis
719 3465 869 3519 labor
899 3474 978 3518 est
1006 3465 1188 3519 audire
1218 3465 1443 3537 puellas:

78 3539 83 3544 '
211 3553 310 3589 nec
341 3535 643 3606 degustanti
671 3536 806 3590 lotos
837 3555 1016 3590 amara
1044 3535 1162 3589 fuit.
