2158 3906
449 360 538 407 EX
566 361 782 409 PONTO
813 361 934 408 LIB.
966 362 1049 410 IV.
1080 362 1217 421 XIII,
1248 363 1468 422 35—XV‚
1498 363 1542 410 8.
1755 351 1859 406 287

218 470 271 518 et
300 462 444 533 quod
473 465 713 535 pulsetur
740 484 923 518 murus
954 465 1022 519 ab
1052 465 1227 528 hoste,
1258 483 1474 535 queror:

145 533 202 590 in
231 534 371 598 loca,
402 553 510 589 non
539 535 802 599 homines,
834 535 1107 590 verissima
1136 536 1355 591 crimina
1385 536 1510 590 dixi.

219 605 444 676 culpatis
474 615 709 659 vestrum
740 624 834 660 vos
865 624 1078 676 quoque
1108 626 1196 662 sae
1235 627 1264 661 e
1295 608 1482 661 solum.
1893 621 1951 661 30

147 684 286 730 esset
314 684 569 747 perpetuo
600 696 696 730 sua
725 694 885 746 quam
917 678 1146 731 vitabilis
1234 697 1366 742 scre,

218 765 348 799 ausa
379 756 458 800 est
488 747 750 816 agricolae
780 748 945 801 Musa
974 749 1163 803 docere
1195 750 1350 813 senis,

147 825 198 872 et
229 817 402 871 fuerat
429 817 642 900 genitus
673 827 836 882 terra,
868 819 960 887 qui
991 819 1220 891 scripsit,
1250 820 1305 873 in
1333 820 1446 874 illa:

218 887 469 941 intumult
498 887 607 942 vati
636 906 734 943 nec
763 898 941 943 tamen
971 891 1144 943 Ascra
1174 909 1287 944 suo.

146 958 264 1029 quis
294 957 520 1030 patriam
551 959 758 1013 sollerte
788 960 959 1030 magis
990 961 1172 1015 dilexit
1200 960 1397 1016 Ulixe?
1892 975 1951 1016 35

202 1029 318 1083 *hoc
349 1038 525 1090 tamen
557 1030 811 1101 asperitas
842 1031 1015 1086 indice
1045 1041 1173 1085 nota
1199 1031 1302 1086 loci
1333 1042 1428 1087 est.

146 1118 252 1155 non
281 1101 423 1163 loca,
455 1101 549 1155 sed
578 1120 751 1155 mores
782 1102 989 1173 scriptis
1018 1103 1233 1158 vexavit
1262 1104 1456 1157 amaris

221 1170 472 1244 Scepsius
503 1172 801 1237 Ausonios,
830 1182 1051 1243 actaque
1082 1175 1256 1228 Roma
1284 1193 1376 1228 rea
1406 1183 1515 1228 estz

146 1241 282 1297 falsa
311 1253 488 1297 tamen
518 1262 678 1314 passa
706 1251 786 1298 est
814 1262 984 1314 aequa
1014 1245 1251 1299 convicia
1279 1256 1472 1308 mente,

218 1313 371 1367 offuit
402 1315 607 1368 auctori
634 1332 732 1369 nec
761 1314 875 1369 fera
903 1315 1088 1385 lingua
1118 1335 1232 1369 suo,
1892 1331 1951 1371 4ο

60 1394 62 1398 ’
147 1394 201 1440 at
229 1386 400 1438 malus
430 1384 687 1456 interpres
717 1386 898 1457 populi
927 1387 1056 1439 mihi
1087 1387 1313 1440 concitat
1342 1387 1493 1450 iram,

28 1460 33 1471 '
217 1456 380 1525 inque
407 1473 606 1510 novum
637 1457 833 1511 crimen
865 1458 1098 1512 carmina
1127 1467 1306 1511 nostra
1336 1467 1506 1511 vocat.

145 1535 256 1581 tam
286 1525 414 1581 felix
444 1528 669 1591 utinam,
701 1546 861 1597 quam
890 1536 1102 1598 pectore
1133 1528 1414 1591 candidus,
1446 1527 1643 1582 esseml

7 1642 9 1659 2
219 1606 364 1652 extat
394 1597 567 1652 adhuc
596 1616 751 1651 nemo
782 1599 993 1652 saucius
1023 1617 1113 1653 ore
1143 1617 1278 1652 meo,
1382 1599 1384 1601 ’

6 1666 9 1744 ]
58 1675 59 1678 ’
146 1666 307 1732 adde,
339 1668 483 1739 quod
512 1669 725 1739 Illyrica
756 1669 800 1722 si
830 1669 935 1723 iam
966 1669 1082 1740 pice
1112 1669 1312 1740 nigrior
1342 1687 1529 1734 essem,
1891 1686 1951 1725 45

7 1745 9 1764 ³
216 1758 323 1793 non
351 1738 641 1794 mordenda
670 1739 799 1793 mihi
829 1740 986 1794 turba
1014 1740 1183 1795 fidelis
1215 1751 1343 1794 erat.

145 1810 372 1865 molliter
400 1830 432 1864 a
461 1811 611 1865 vobis
640 1830 760 1866 mea
789 1828 903 1864 sors
933 1822 1178 1883 excepta,
1210 1811 1471 1874 Tomitae,

216 1890 325 1935 tam
354 1882 507 1941 mites
541 1880 735 1936 Graios
764 1882 962 1936 indicat
994 1902 1108 1937 esse
1139 1883 1296 1936 viros.

8 1966 9 2018 1
57 1975 60 1987 ²
144 1971 276 2024 gens
307 1971 427 2007 mea
454 1952 700 2023 Paeligni
729 1953 982 2023 regioque
1013 1954 1303 2009 domestica
1335 1953 1521 2008 Sulmo

216 2041 323 2077 non
352 2023 524 2094 potuit
543 2023 743 2077 ‘nostris
772 2024 940 2078 lenior
969 2043 1084 2078 esse
1114 2024 1282 2077 malis,
1890 2042 1950 2081 50

145 2112 303 2166 quem
335 2094 426 2148 vix
454 2094 705 2149 incolumi
736 2095 982 2164 cuiquam
1015 2096 1267 2165 salvoque
1299 2095 1511 2160 daretiS‚

8 2210 60 2227 ,,
217 2165 261 2219 is
293 2166 448 2219 datus
479 2185 511 2220 a
542 2165 693 2219 vobis
725 2175 803 2220 est
832 2166 961 2219 mihi
990 2185 1159 2237 nuper
1187 2166 1370 2220 honor.

26 2247 65 2262 ’·
145 2237 288 2290 solus
320 2235 494 2290 adhuc
525 2255 625 2307 ego
657 2256 774 2290 sum
804 2237 989 2291 vestris
1020 2237 1268 2290 immunis
1298 2237 1353 2291 in
1383 2237 1505 2300 oris,

60 2305 63 2315 “
218 2307 474 2379 exceptiS,
506 2307 551 2361 si
581 2308 671 2377 qui
700 2327 921 2361 munera
950 2308 1082 2378 legis
1113 2308 1327 2362 habent.

144 2386 384 2450 tempora
414 2387 619 2432 sacrata
648 2397 767 2433 mea
798 2388 919 2432 sunt
948 2380 1123 2433 velata
1152 2397 1362 2443 corona,
1889 2395 1947 2435 55

216 2449 459 2520 publicus
489 2449 654 2513 invito
685 2468 846 2519 quam
876 2450 1030 2504 favor
1057 2450 1324 2521 imposuit.

144 2538 306 2591 quam
334 2530 488 2592 grata
517 2530 596 2575 est
625 2520 788 2591 igitur
818 2521 1060 2576 Latonae
1089 2521 1251 2576 Delia
1279 2521 1451 2584 telluS,

216 2592 410 2646 erranti
439 2600 611 2645 tutum
642 2610 778 2661 quae
810 2591 955 2646 dedit
985 2612 1092 2646 una
1120 2593 1313 2655 locum,

49 2694 58 2706 -
144 2671 254 2716 tam
283 2661 411 2716 mihi
441 2680 564 2717 cara
592 2663 801 2726 TomiS,
831 2664 1002 2734 patria
1031 2682 1168 2733 quae
1200 2663 1324 2717 sede
1354 2662 1555 2734 fugatis

38 2774 39 2778 ,
215 2743 322 2787 tem
360 2752 423 2786 us
455 2733 524 2788 ad
552 2733 653 2799 hoc
681 2734 834 2787 nobis
864 2734 1074 2805 hospita
1102 2734 1210 2787 fida
1239 2744 1431 2788 manet.
1890 2752 1950 2791 60

39 2839 65 2853 2
146 2803 199 2858 di
230 2822 316 2857 mo
356 2821 386 2856 o
416 2803 688 2867 fecissent,
718 2804 959 2875 placidae
990 2824 1137 2875 spem
1167 2815 1348 2875 posset
1377 2804 1573 2859 habere

46 2876 58 2903 ³
215 2874 362 2946 pacis
392 2883 444 2929 et
473 2893 506 2928 a
534 2874 711 2945 gelido
740 2875 952 2945 longius
983 2894 1082 2928 axe
1112 2876 1265 2929 foret.

933 2987 1067 3043 XV.

148 3088 208 3144 Si
233 3088 350 3158 quis
373 3086 548 3141 adhuc
569 3105 795 3157 usquam
816 3087 981 3142 nostri
1002 3105 1109 3140 non
1130 3087 1392 3141 inmemor
1415 3094 1575 3150 ext-at,
1687 3084 1917 3129 SEXTO

217 3158 411 3229 quidve
441 3159 705 3230 relegatus
734 3159 880 3213 Naso
890 3197 905 3222 ,
935 3157 1177 3228 requirit,
1208 3177 1388 3228 agam:
1629 3142 1977 3187 POMPEIO.

149 3229 469 3284 Caesaribus
500 3230 686 3294 vitam,
720 3228 885 3284 Sexto
917 3229 1110 3284 debere
1141 3230 1365 3283 salutem

219 3320 304 3356 me
335 3301 487 3355 sciat:
520 3321 551 3355 a
581 3301 783 3373 superis
813 3301 899 3355 hic
927 3301 1057 3354 mihi
1086 3300 1288 3372 primus
1319 3299 1432 3353 erit.

147 3381 386 3444 tempora
414 3392 539 3426 nam
567 3372 788 3427 miserae
819 3373 1137 3443 complectar
1165 3381 1226 3425 ut
1255 3370 1433 3424 omnia
1461 3370 1618 3434 vitae,
1891 3386 1919 3427 5

46 3483 47 3486 η
222 3462 254 3497 a
282 3443 479 3497 meritis
511 3443 623 3506 eius
653 3462 776 3515 pars
804 3443 935 3497 mihi
963 3444 1110 3497 nulla
1138 3452 1308 3497 vacat.

63 3547 65 3550 >
151 3532 289 3585 quae
318 3532 539 3568 numero
569 3523 646 3568 tot
676 3524 825 3578 sunt,
857 3524 985 3584 quot
1014 3515 1069 3568 in
1098 3514 1250 3568 horto
1280 3512 1465 3567 fertilis
1495 3511 1612 3566 arvi

226 3585 433 3638 Punica
465 3585 564 3644 sub
593 3586 736 3640 lento
766 3587 960 3641 cortice
990 3604 1158 3657 grana
1178 3585 1392 3659 rubent?
