<?xml version="1.0" encoding="UTF-8"?>
<!DOCTYPE html PUBLIC "-//W3C//DTD XHTML 1.0 Transitional//EN"
    "http://www.w3.org/TR/xhtml1/DTD/xhtml1-transitional.dtd">
<html xmlns="http://www.w3.org/1999/xhtml" xml:lang="en" lang="en">
 <head>
  <title>
</title>
<meta http-equiv="Content-Type" content="text/html;charset=utf-8" />
  <meta name='ocr-system' content='tesseract 3.04.00' />
  <meta name='ocr-capabilities' content='ocr_page ocr_carea ocr_par ocr_line ocrx_word'/>
</head>
<body>
  <div class='ocr_page' id='page_1' title='image "./carminaov03oviduoft_0272.png"; bbox 0 0 2158 3906; ppageno 0'>
   <div class='ocr_carea' id='block_1_1' title="bbox 318 326 1468 381">
    <p class='ocr_par' dir='ltr' id='par_1_1' title="bbox 318 326 1468 381">
     <span class='ocr_line' id='line_1_1' title="bbox 318 326 1468 381; baseline 0 -1"><span class='ocrx_word' id='word_1_1' title='bbox 318 326 428 380; x_wconf 76' lang='lat'>234</span> <span class='ocrx_word' id='word_1_2' title='bbox 872 335 927 379; x_wconf 88' lang='lat' dir='ltr'>P.</span> <span class='ocrx_word' id='word_1_3' title='bbox 961 335 1168 381; x_wconf 86' lang='lat' dir='ltr'>OV1D11</span> <span class='ocrx_word' id='word_1_4' title='bbox 1196 334 1468 381; x_wconf 88' lang='lat' dir='ltr'>NASONIS</span> 
     </span>
    </p>
   </div>
   <div class='ocr_carea' id='block_1_2' title="bbox 235 436 2038 2686">
    <p class='ocr_par' dir='ltr' id='par_1_2' title="bbox 235 436 2038 2412">
     <span class='ocr_line' id='line_1_2' title="bbox 324 436 1489 519; baseline -0.002 -27"><span class='ocrx_word' id='word_1_5' title='bbox 324 440 561 510; x_wconf 88' lang='lat' dir='ltr'>protinus</span> <span class='ocrx_word' id='word_1_6' title='bbox 593 445 810 507; x_wconf 90' lang='lat' dir='ltr'>argento</span> <span class='ocrx_word' id='word_1_7' title='bbox 841 454 994 489; x_wconf 90' lang='lat' dir='ltr'>veros</span> <span class='ocrx_word' id='word_1_8' title='bbox 1024 436 1282 490; x_wconf 80' lang='lat' dir='ltr'>imitantia</span> <span class='ocrx_word' id='word_1_9' title='bbox 1312 455 1489 519; x_wconf 60' lang='lat' dir='ltr'>muros</span> 
     </span>
     <span class='ocr_line' id='line_1_3' title="bbox 397 507 1488 590; baseline -0.002 -28"><span class='ocrx_word' id='word_1_10' title='bbox 397 510 622 562; x_wconf 87' lang='lat' dir='ltr'>barbara</span> <span class='ocrx_word' id='word_1_11' title='bbox 652 526 773 561; x_wconf 91' lang='lat' dir='ltr'>cum</span> <span class='ocrx_word' id='word_1_12' title='bbox 802 507 955 576; x_wconf 92' lang='lat' dir='ltr'>pictis</span> <span class='ocrx_word' id='word_1_13' title='bbox 987 508 1181 590; x_wconf 84' lang='lat' dir='ltr'>oppida</span> <span class='ocrx_word' id='word_1_14' title='bbox 1210 509 1318 560; x_wconf 88' lang='lat' dir='ltr'>lata</span> <span class='ocrx_word' id='word_1_15' title='bbox 1346 508 1488 571; x_wconf 79' lang='lat' dir='ltr'>viriS,</span> 
     </span>
     <span class='ocr_line' id='line_1_4' title="bbox 323 578 1694 648; baseline -0.001 -16"><span class='ocrx_word' id='word_1_16' title='bbox 323 581 645 648; x_wconf 85' lang='lat' dir='ltr'>fluminaque</span> <span class='ocrx_word' id='word_1_17' title='bbox 677 588 730 631; x_wconf 89' lang='lat' dir='ltr'>et</span> <span class='ocrx_word' id='word_1_18' title='bbox 757 587 961 631; x_wconf 89' lang='lat' dir='ltr'>montes</span> <span class='ocrx_word' id='word_1_19' title='bbox 993 588 1045 631; x_wconf 89' lang='lat' dir='ltr'>et</span> <span class='ocrx_word' id='word_1_20' title='bbox 1073 578 1128 630; x_wconf 92' lang='lat' dir='ltr'>in</span> <span class='ocrx_word' id='word_1_21' title='bbox 1159 578 1276 631; x_wconf 88' lang='lat' dir='ltr'>altis</span> <span class='ocrx_word' id='word_1_22' title='bbox 1305 579 1505 648; x_wconf 88' lang='lat' dir='ltr'>proelia</span> <span class='ocrx_word' id='word_1_23' title='bbox 1535 579 1694 641; x_wconf 88' lang='lat' dir='ltr'>silvis,</span> 
     </span>
     <span class='ocr_line' id='line_1_5' title="bbox 235 648 1537 718; baseline -0.001 -15"><span class='ocrx_word' id='word_1_24' title='bbox 235 670 295 709; x_wconf 82' lang='lat'>40</span> <span class='ocrx_word' id='word_1_25' title='bbox 396 668 646 718; x_wconf 87' lang='lat' dir='ltr'>armaque</span> <span class='ocrx_word' id='word_1_26' title='bbox 677 667 799 701; x_wconf 90' lang='lat' dir='ltr'>cum</span> <span class='ocrx_word' id='word_1_27' title='bbox 828 648 989 702; x_wconf 92' lang='lat' dir='ltr'>telis</span> <span class='ocrx_word' id='word_1_28' title='bbox 974 669 1030 701; x_wconf 87' lang='lat' dir='ltr'>m</span> <span class='ocrx_word' id='word_1_29' title='bbox 1059 658 1201 702; x_wconf 89' lang='lat' dir='ltr'>strue</span> <span class='ocrx_word' id='word_1_30' title='bbox 1231 650 1396 702; x_wconf 84' lang='lat' dir='ltr'>mixta</span> <span class='ocrx_word' id='word_1_31' title='bbox 1427 669 1537 703; x_wconf 89' lang='lat' dir='ltr'>sua.</span> 
     </span>
     <span class='ocr_line' id='line_1_6' title="bbox 326 720 1673 789; baseline -0.001 -15"><span class='ocrx_word' id='word_1_32' title='bbox 326 722 495 789; x_wconf 86' lang='lat' dir='ltr'>deque</span> <span class='ocrx_word' id='word_1_33' title='bbox 526 730 887 789; x_wconf 82' lang='lat' dir='ltr'>tropaeorum,</span> <span class='ocrx_word' id='word_1_34' title='bbox 920 720 1063 788; x_wconf 84' lang='lat' dir='ltr'>quod</span> <span class='ocrx_word' id='word_1_35' title='bbox 1094 721 1171 772; x_wconf 93' lang='lat' dir='ltr'>sol</span> <span class='ocrx_word' id='word_1_36' title='bbox 1201 720 1514 783; x_wconf 82' lang='lat' dir='ltr'>incende-rit,</span> <span class='ocrx_word' id='word_1_37' title='bbox 1546 738 1673 773; x_wconf 90' lang='lat' dir='ltr'>auro</span> 
     </span>
     <span class='ocr_line' id='line_1_7' title="bbox 398 790 1321 844; baseline -0.001 -1"><span class='ocrx_word' id='word_1_38' title='bbox 398 810 556 844; x_wconf 87' lang='lat' dir='ltr'>aurea</span> <span class='ocrx_word' id='word_1_39' title='bbox 586 790 813 844; x_wconf 87' lang='lat' dir='ltr'>Romani</span> <span class='ocrx_word' id='word_1_40' title='bbox 842 799 981 844; x_wconf 88' lang='lat' dir='ltr'>tecta</span> <span class='ocrx_word' id='word_1_41' title='bbox 1010 790 1173 844; x_wconf 89' lang='lat' dir='ltr'>fuisse</span> <span class='ocrx_word' id='word_1_42' title='bbox 1203 791 1321 843; x_wconf 85' lang='lat' dir='ltr'>fori.</span> 
     </span>
     <span class='ocr_line' id='line_1_8' title="bbox 324 861 1550 932; baseline -0.002 -17"><span class='ocrx_word' id='word_1_43' title='bbox 324 871 506 930; x_wconf 89' lang='lat' dir='ltr'>totque</span> <span class='ocrx_word' id='word_1_44' title='bbox 536 861 719 914; x_wconf 89' lang='lat' dir='ltr'>tulisse</span> <span class='ocrx_word' id='word_1_45' title='bbox 750 861 911 914; x_wconf 92' lang='lat' dir='ltr'>duces</span> <span class='ocrx_word' id='word_1_46' title='bbox 943 861 1162 932; x_wconf 88' lang='lat' dir='ltr'>captivis</span> <span class='ocrx_word' id='word_1_47' title='bbox 1196 862 1374 914; x_wconf 88' lang='lat' dir='ltr'>addita</span> <span class='ocrx_word' id='word_1_48' title='bbox 1404 861 1550 914; x_wconf 90' lang='lat' dir='ltr'>collis</span> 
     </span>
     <span class='ocr_line' id='line_1_9' title="bbox 396 932 1629 1002; baseline -0.001 -18"><span class='ocrx_word' id='word_1_49' title='bbox 396 933 629 994; x_wconf 87' lang='lat' dir='ltr'>vincula,</span> <span class='ocrx_word' id='word_1_50' title='bbox 659 951 828 1002; x_wconf 89' lang='lat' dir='ltr'>paene</span> <span class='ocrx_word' id='word_1_51' title='bbox 858 932 1022 985; x_wconf 90' lang='lat' dir='ltr'>hostis</span> <span class='ocrx_word' id='word_1_52' title='bbox 1053 941 1182 1001; x_wconf 90' lang='lat' dir='ltr'>quot</span> <span class='ocrx_word' id='word_1_53' title='bbox 1212 932 1336 985; x_wconf 90' lang='lat' dir='ltr'>satis</span> <span class='ocrx_word' id='word_1_54' title='bbox 1367 951 1482 986; x_wconf 90' lang='lat' dir='ltr'>esse</span> <span class='ocrx_word' id='word_1_55' title='bbox 1513 932 1629 984; x_wconf 88' lang='lat' dir='ltr'>fuit.</span> 
     </span>
     <span class='ocr_line' id='line_1_10' title="bbox 240 1003 1746 1073; baseline -0.002 -15"><span class='ocrx_word' id='word_1_56' title='bbox 240 1021 293 1060; x_wconf 83' lang='grc'>45</span> <span class='ocrx_word' id='word_1_57' title='bbox 326 1004 557 1056; x_wconf 86' lang='lat' dir='ltr'>maxima</span> <span class='ocrx_word' id='word_1_58' title='bbox 586 1022 708 1073; x_wconf 89' lang='lat' dir='ltr'>pars</span> <span class='ocrx_word' id='word_1_59' title='bbox 739 1003 930 1056; x_wconf 89' lang='lat' dir='ltr'>horum</span> <span class='ocrx_word' id='word_1_60' title='bbox 958 1003 1122 1056; x_wconf 88' lang='lat' dir='ltr'>vitam</span> <span class='ocrx_word' id='word_1_61' title='bbox 1152 1003 1467 1072; x_wconf 87' lang='lat' dir='ltr'>veniamque</span> <span class='ocrx_word' id='word_1_62' title='bbox 1498 1004 1746 1064; x_wconf 87' lang='lat' dir='ltr'>tulerunt,</span> 
     </span>
     <span class='ocr_line' id='line_1_11' title="bbox 396 1074 1630 1156; baseline 0 -30"><span class='ocrx_word' id='word_1_63' title='bbox 396 1075 450 1127; x_wconf 92' lang='lat' dir='ltr'>in</span> <span class='ocrx_word' id='word_1_64' title='bbox 481 1075 675 1143; x_wconf 91' lang='lat' dir='ltr'>quibus</span> <span class='ocrx_word' id='word_1_65' title='bbox 707 1083 760 1128; x_wconf 90' lang='lat' dir='ltr'>et</span> <span class='ocrx_word' id='word_1_66' title='bbox 788 1074 914 1127; x_wconf 87' lang='lat' dir='ltr'>belli</span> <span class='ocrx_word' id='word_1_67' title='bbox 943 1093 1151 1156; x_wconf 82' lang='lat' dir='ltr'>summa</span> <span class='ocrx_word' id='word_1_68' title='bbox 1181 1083 1444 1143; x_wconf 80' lang='lat' dir='ltr'>caputque</span> <span class='ocrx_word' id='word_1_69' title='bbox 1475 1074 1630 1126; x_wconf 88' lang='lat' dir='ltr'>Bato.</span> 
     </span>
     <span class='ocr_line' id='line_1_12' title="bbox 327 1145 1747 1228; baseline -0.003 -28"><span class='ocrx_word' id='word_1_70' title='bbox 327 1164 421 1200; x_wconf 88' lang='lat' dir='ltr'>cur</span> <span class='ocrx_word' id='word_1_71' title='bbox 450 1165 549 1216; x_wconf 92' lang='lat' dir='ltr'>ego</span> <span class='ocrx_word' id='word_1_72' title='bbox 579 1163 735 1215; x_wconf 91' lang='lat' dir='ltr'>posse</span> <span class='ocrx_word' id='word_1_73' title='bbox 765 1164 959 1228; x_wconf 85' lang='lat' dir='ltr'>negem</span> <span class='ocrx_word' id='word_1_74' title='bbox 987 1145 1154 1197; x_wconf 91' lang='lat' dir='ltr'>minui</span> <span class='ocrx_word' id='word_1_75' title='bbox 1181 1145 1312 1197; x_wconf 91' lang='lat' dir='ltr'>mihi</span> <span class='ocrx_word' id='word_1_76' title='bbox 1340 1145 1568 1198; x_wconf 90' lang='lat' dir='ltr'>numinis</span> <span class='ocrx_word' id='word_1_77' title='bbox 1599 1145 1747 1206; x_wconf 87' lang='lat' dir='ltr'>iram,</span> 
     </span>
     <span class='ocr_line' id='line_1_13' title="bbox 399 1215 1528 1270; baseline -0.001 -1"><span class='ocrx_word' id='word_1_78' title='bbox 399 1236 519 1269; x_wconf 91' lang='lat' dir='ltr'>cum</span> <span class='ocrx_word' id='word_1_79' title='bbox 550 1217 759 1270; x_wconf 85' lang='lat' dir='ltr'>videam</span> <span class='ocrx_word' id='word_1_80' title='bbox 788 1216 928 1269; x_wconf 89' lang='lat' dir='ltr'>mitis</span> <span class='ocrx_word' id='word_1_81' title='bbox 959 1216 1196 1269; x_wconf 82' lang='lat' dir='ltr'>hostibus</span> <span class='ocrx_word' id='word_1_82' title='bbox 1227 1235 1343 1269; x_wconf 89' lang='lat' dir='ltr'>esse</span> <span class='ocrx_word' id='word_1_83' title='bbox 1373 1215 1528 1269; x_wconf 81' lang='lat' dir='ltr'>deos?</span> 
     </span>
     <span class='ocr_line' id='line_1_14' title="bbox 327 1286 1634 1358; baseline -0.002 -17"><span class='ocrx_word' id='word_1_84' title='bbox 327 1288 541 1358; x_wconf 90' lang='lat' dir='ltr'>pertulit</span> <span class='ocrx_word' id='word_1_85' title='bbox 570 1287 655 1341; x_wconf 92' lang='lat' dir='ltr'>hic</span> <span class='ocrx_word' id='word_1_86' title='bbox 683 1287 826 1340; x_wconf 88' lang='lat' dir='ltr'>idem</span> <span class='ocrx_word' id='word_1_87' title='bbox 854 1287 1031 1350; x_wconf 77' lang='lat' dir='ltr'>nobiS,</span> <span class='ocrx_word' id='word_1_88' title='bbox 1065 1286 1408 1348; x_wconf 83' lang='lat' dir='ltr'>Germanice,</span> <span class='ocrx_word' id='word_1_89' title='bbox 1438 1305 1634 1348; x_wconf 87' lang='lat' dir='ltr'>rumor,</span> 
     </span>
     <span class='ocr_line' id='line_1_15' title="bbox 240 1358 1428 1429; baseline -0.003 -15"><span class='ocrx_word' id='word_1_90' title='bbox 240 1375 298 1414; x_wconf 86' lang='grc'>50</span> <span class='ocrx_word' id='word_1_91' title='bbox 400 1359 594 1429; x_wconf 91' lang='lat' dir='ltr'>oppida</span> <span class='ocrx_word' id='word_1_92' title='bbox 624 1359 723 1411; x_wconf 92' lang='lat' dir='ltr'>sub</span> <span class='ocrx_word' id='word_1_93' title='bbox 754 1359 904 1411; x_wconf 89' lang='lat' dir='ltr'>titulo</span> <span class='ocrx_word' id='word_1_94' title='bbox 935 1358 1161 1411; x_wconf 90' lang='lat' dir='ltr'>nominis</span> <span class='ocrx_word' id='word_1_95' title='bbox 1192 1359 1294 1411; x_wconf 92' lang='lat' dir='ltr'>isse</span> <span class='ocrx_word' id='word_1_96' title='bbox 1326 1358 1428 1420; x_wconf 84' lang='lat' dir='ltr'>tui3</span> 
     </span>
     <span class='ocr_line' id='line_1_16' title="bbox 329 1427 1652 1498; baseline -0.002 -16"><span class='ocrx_word' id='word_1_97' title='bbox 329 1439 487 1498; x_wconf 89' lang='lat' dir='ltr'>atque</span> <span class='ocrx_word' id='word_1_98' title='bbox 520 1449 582 1483; x_wconf 89' lang='lat' dir='ltr'>ea</span> <span class='ocrx_word' id='word_1_99' title='bbox 611 1439 663 1483; x_wconf 90' lang='lat' dir='ltr'>te</span> <span class='ocrx_word' id='word_1_100' title='bbox 694 1439 876 1483; x_wconf 88' lang='lat' dir='ltr'>contra</span> <span class='ocrx_word' id='word_1_101' title='bbox 904 1448 1003 1483; x_wconf 92' lang='lat' dir='ltr'>nec</span> <span class='ocrx_word' id='word_1_102' title='bbox 1033 1429 1170 1482; x_wconf 73' lang='lat' dir='ltr'>muli</span> <span class='ocrx_word' id='word_1_103' title='bbox 1197 1429 1336 1481; x_wconf 89' lang='lat' dir='ltr'>mole</span> <span class='ocrx_word' id='word_1_104' title='bbox 1367 1447 1464 1482; x_wconf 93' lang='lat' dir='ltr'>nec</span> <span class='ocrx_word' id='word_1_105' title='bbox 1495 1427 1652 1481; x_wconf 91' lang='lat' dir='ltr'>armis</span> 
     </span>
     <span class='ocr_line' id='line_1_17' title="bbox 398 1499 1381 1570; baseline -0.001 -18"><span class='ocrx_word' id='word_1_106' title='bbox 398 1519 497 1553; x_wconf 90' lang='lat' dir='ltr'>nec</span> <span class='ocrx_word' id='word_1_107' title='bbox 528 1500 653 1554; x_wconf 89' lang='lat' dir='ltr'>satis</span> <span class='ocrx_word' id='word_1_108' title='bbox 683 1500 895 1570; x_wconf 90' lang='lat' dir='ltr'>ingenio</span> <span class='ocrx_word' id='word_1_109' title='bbox 926 1509 1040 1552; x_wconf 90' lang='lat' dir='ltr'>tuta</span> <span class='ocrx_word' id='word_1_110' title='bbox 1070 1500 1232 1553; x_wconf 88' lang='lat' dir='ltr'>fuisse</span> <span class='ocrx_word' id='word_1_111' title='bbox 1262 1499 1381 1552; x_wconf 89' lang='lat' dir='ltr'>loci.</span> 
     </span>
     <span class='ocr_line' id='line_1_18' title="bbox 330 1571 1613 1632; baseline -0.002 -8"><span class='ocrx_word' id='word_1_112' title='bbox 330 1571 384 1624; x_wconf 91' lang='lat' dir='ltr'>di</span> <span class='ocrx_word' id='word_1_113' title='bbox 413 1572 509 1624; x_wconf 91' lang='lat' dir='ltr'>tibi</span> <span class='ocrx_word' id='word_1_114' title='bbox 539 1572 665 1624; x_wconf 90' lang='lat' dir='ltr'>dent</span> <span class='ocrx_word' id='word_1_115' title='bbox 696 1571 883 1624; x_wconf 76' lang='lat' dir='ltr'>annos!</span> <span class='ocrx_word' id='word_1_116' title='bbox 917 1591 948 1623; x_wconf 92' lang='lat' dir='ltr'>a</span> <span class='ocrx_word' id='word_1_117' title='bbox 977 1580 1030 1624; x_wconf 90' lang='lat' dir='ltr'>te</span> <span class='ocrx_word' id='word_1_118' title='bbox 1060 1591 1184 1623; x_wconf 86' lang='lat' dir='ltr'>nam</span> <span class='ocrx_word' id='word_1_119' title='bbox 1216 1580 1390 1624; x_wconf 88' lang='lat' dir='ltr'>cetera</span> <span class='ocrx_word' id='word_1_120' title='bbox 1421 1588 1613 1632; x_wconf 77' lang='lat' dir='ltr'>sumeS,</span> 
     </span>
     <span class='ocr_line' id='line_1_19' title="bbox 400 1642 1522 1711; baseline -0.002 -17"><span class='ocrx_word' id='word_1_121' title='bbox 400 1643 504 1694; x_wconf 88' lang='lat' dir='ltr'>sint</span> <span class='ocrx_word' id='word_1_122' title='bbox 532 1642 690 1695; x_wconf 92' lang='lat' dir='ltr'>modo</span> <span class='ocrx_word' id='word_1_123' title='bbox 720 1642 901 1694; x_wconf 85' lang='lat' dir='ltr'>virtuti</span> <span class='ocrx_word' id='word_1_124' title='bbox 930 1651 1167 1711; x_wconf 89' lang='lat' dir='ltr'>tempora</span> <span class='ocrx_word' id='word_1_125' title='bbox 1195 1642 1357 1710; x_wconf 90' lang='lat' dir='ltr'>longa</span> <span class='ocrx_word' id='word_1_126' title='bbox 1383 1650 1522 1693; x_wconf 88' lang='lat' dir='ltr'>tuae.</span> 
     </span>
     <span class='ocr_line' id='line_1_20' title="bbox 241 1711 2038 1783; baseline -0.002 -15"><span class='ocrx_word' id='word_1_127' title='bbox 241 1729 297 1768; x_wconf 87' lang='lat'>55</span> <span class='ocrx_word' id='word_1_128' title='bbox 330 1713 474 1782; x_wconf 89' lang='lat' dir='ltr'>quod</span> <span class='ocrx_word' id='word_1_129' title='bbox 504 1731 705 1783; x_wconf 92' lang='lat' dir='ltr'>precor,</span> <span class='ocrx_word' id='word_1_130' title='bbox 737 1713 961 1776; x_wconf 89' lang='lat' dir='ltr'>eveniet,</span> <span class='ocrx_word' id='word_1_131' title='bbox 983 1743 1056 1750; x_wconf 91' lang='lat'>-—</span> <span class='ocrx_word' id='word_1_132' title='bbox 1078 1722 1200 1765; x_wconf 91' lang='lat' dir='ltr'>sunt</span> <span class='ocrx_word' id='word_1_133' title='bbox 1231 1712 1484 1780; x_wconf 90' lang='lat' dir='ltr'>quiddam</span> <span class='ocrx_word' id='word_1_134' title='bbox 1515 1711 1727 1764; x_wconf 89' lang='lat' dir='ltr'>oracula</span> <span class='ocrx_word' id='word_1_135' title='bbox 1759 1720 1940 1764; x_wconf 88' lang='lat' dir='ltr'>vatum</span> <span class='ocrx_word' id='word_1_136' title='bbox 1965 1740 2038 1751; x_wconf 91' lang='lat'>—-</span> 
     </span>
     <span class='ocr_line' id='line_1_21' title="bbox 400 1782 1571 1853; baseline -0.002 -17"><span class='ocrx_word' id='word_1_137' title='bbox 400 1803 522 1836; x_wconf 89' lang='lat' dir='ltr'>nam</span> <span class='ocrx_word' id='word_1_138' title='bbox 555 1784 685 1837; x_wconf 89' lang='lat' dir='ltr'>deus</span> <span class='ocrx_word' id='word_1_139' title='bbox 717 1785 918 1853; x_wconf 79' lang='lat' dir='ltr'>optanti</span> <span class='ocrx_word' id='word_1_140' title='bbox 949 1802 1199 1853; x_wconf 88' lang='lat' dir='ltr'>prospera</span> <span class='ocrx_word' id='word_1_141' title='bbox 1230 1783 1382 1852; x_wconf 86' lang='lat' dir='ltr'>signa</span> <span class='ocrx_word' id='word_1_142' title='bbox 1412 1782 1571 1835; x_wconf 86' lang='lat' dir='ltr'>dedit.</span> 
     </span>
     <span class='ocr_line' id='line_1_22' title="bbox 329 1853 1736 1923; baseline -0.002 -17"><span class='ocrx_word' id='word_1_143' title='bbox 329 1863 381 1907; x_wconf 94' lang='lat' dir='ltr'>te</span> <span class='ocrx_word' id='word_1_144' title='bbox 412 1873 628 1923; x_wconf 89' lang='lat' dir='ltr'>quoque</span> <span class='ocrx_word' id='word_1_145' title='bbox 653 1854 907 1907; x_wconf 86' lang='lat' dir='ltr'>victorem</span> <span class='ocrx_word' id='word_1_146' title='bbox 937 1854 1192 1923; x_wconf 88' lang='lat' dir='ltr'>Tarpeias</span> <span class='ocrx_word' id='word_1_147' title='bbox 1223 1853 1518 1906; x_wconf 81' lang='lat' dir='ltr'>scandere</span> <span class='ocrx_word' id='word_1_148' title='bbox 1504 1872 1559 1904; x_wconf 91' lang='lat' dir='ltr'>1n</span> <span class='ocrx_word' id='word_1_149' title='bbox 1591 1867 1736 1905; x_wconf 90' lang='lat' dir='ltr'>arces</span> 
     </span>
     <span class='ocr_line' id='line_1_23' title="bbox 400 1923 1458 1992; baseline -0.003 -14"><span class='ocrx_word' id='word_1_150' title='bbox 400 1926 540 1978; x_wconf 89' lang='lat' dir='ltr'>laeta</span> <span class='ocrx_word' id='word_1_151' title='bbox 569 1925 829 1978; x_wconf 87' lang='lat' dir='ltr'>coronatis</span> <span class='ocrx_word' id='word_1_152' title='bbox 860 1925 1033 1977; x_wconf 88' lang='lat' dir='ltr'>Roma</span> <span class='ocrx_word' id='word_1_153' title='bbox 1063 1924 1262 1977; x_wconf 92' lang='lat' dir='ltr'>videbit</span> <span class='ocrx_word' id='word_1_154' title='bbox 1292 1923 1458 1992; x_wconf 90' lang='lat' dir='ltr'>equis.</span> 
     </span>
     <span class='ocr_line' id='line_1_24' title="bbox 329 1994 1550 2065; baseline -0.001 -18"><span class='ocrx_word' id='word_1_155' title='bbox 329 2005 668 2064; x_wconf 90' lang='lat' dir='ltr'>maturosque</span> <span class='ocrx_word' id='word_1_156' title='bbox 698 2006 847 2065; x_wconf 90' lang='lat' dir='ltr'>pater</span> <span class='ocrx_word' id='word_1_157' title='bbox 877 1996 987 2048; x_wconf 89' lang='lat' dir='ltr'>nati</span> <span class='ocrx_word' id='word_1_158' title='bbox 1019 1995 1278 2065; x_wconf 86' lang='lat' dir='ltr'>spectabit</span> <span class='ocrx_word' id='word_1_159' title='bbox 1307 1994 1550 2055; x_wconf 78' lang='lat' dir='ltr'>honoreS,</span> 
     </span>
     <span class='ocr_line' id='line_1_25' title="bbox 247 2066 1585 2149; baseline -0.004 -27"><span class='ocrx_word' id='word_1_160' title='bbox 247 2083 299 2122; x_wconf 83' lang='lat'>60</span> <span class='ocrx_word' id='word_1_161' title='bbox 399 2067 596 2136; x_wconf 89' lang='lat' dir='ltr'>gaudia</span> <span class='ocrx_word' id='word_1_162' title='bbox 626 2067 945 2137; x_wconf 88' lang='lat' dir='ltr'>percipiens,</span> <span class='ocrx_word' id='word_1_163' title='bbox 976 2084 1112 2149; x_wconf 86' lang='lat' dir='ltr'>quae</span> <span class='ocrx_word' id='word_1_164' title='bbox 1144 2066 1331 2119; x_wconf 89' lang='lat' dir='ltr'>dedit</span> <span class='ocrx_word' id='word_1_165' title='bbox 1317 2084 1430 2135; x_wconf 78' lang='lat' dir='ltr'>ipse</span> <span class='ocrx_word' id='word_1_166' title='bbox 1461 2066 1585 2118; x_wconf 90' lang='lat' dir='ltr'>suis.</span> 
     </span>
     <span class='ocr_line' id='line_1_26' title="bbox 328 2137 1784 2205; baseline -0.001 -15"><span class='ocrx_word' id='word_1_167' title='bbox 328 2138 435 2190; x_wconf 90' lang='lat' dir='ltr'>iam</span> <span class='ocrx_word' id='word_1_168' title='bbox 464 2156 605 2191; x_wconf 90' lang='lat' dir='ltr'>nunc</span> <span class='ocrx_word' id='word_1_169' title='bbox 635 2138 766 2190; x_wconf 87' lang='lat' dir='ltr'>haec</span> <span class='ocrx_word' id='word_1_170' title='bbox 797 2157 828 2190; x_wconf 92' lang='lat' dir='ltr'>a</span> <span class='ocrx_word' id='word_1_171' title='bbox 857 2157 966 2199; x_wconf 90' lang='lat' dir='ltr'>me,</span> <span class='ocrx_word' id='word_1_172' title='bbox 997 2138 1250 2190; x_wconf 88' lang='lat' dir='ltr'>iuvenum</span> <span class='ocrx_word' id='word_1_173' title='bbox 1280 2137 1524 2204; x_wconf 90' lang='lat' dir='ltr'>belloque</span> <span class='ocrx_word' id='word_1_174' title='bbox 1554 2146 1784 2205; x_wconf 88' lang='lat' dir='ltr'>togaque</span> 
     </span>
     <span class='ocr_line' id='line_1_27' title="bbox 401 2208 1470 2271; baseline -0.001 -10"><span class='ocrx_word' id='word_1_175' title='bbox 401 2209 656 2271; x_wconf 89' lang='lat' dir='ltr'>maxime,</span> <span class='ocrx_word' id='word_1_176' title='bbox 688 2209 827 2261; x_wconf 87' lang='lat' dir='ltr'>dicta</span> <span class='ocrx_word' id='word_1_177' title='bbox 857 2208 955 2261; x_wconf 88' lang='lat' dir='ltr'>tibi</span> <span class='ocrx_word' id='word_1_178' title='bbox 984 2209 1301 2261; x_wconf 87' lang='lat' dir='ltr'>vaticinante</span> <span class='ocrx_word' id='word_1_179' title='bbox 1332 2217 1470 2260; x_wconf 88' lang='lat' dir='ltr'>nota.</span> 
     </span>
     <span class='ocr_line' id='line_1_28' title="bbox 329 2278 1948 2349; baseline 0 -17"><span class='ocrx_word' id='word_1_180' title='bbox 329 2279 471 2332; x_wconf 92' lang='lat' dir='ltr'>hunc</span> <span class='ocrx_word' id='word_1_181' title='bbox 501 2298 713 2348; x_wconf 92' lang='lat' dir='ltr'>quoque</span> <span class='ocrx_word' id='word_1_182' title='bbox 745 2280 1063 2332; x_wconf 89' lang='lat' dir='ltr'>carminibus</span> <span class='ocrx_word' id='word_1_183' title='bbox 1093 2280 1319 2333; x_wconf 87' lang='lat' dir='ltr'>referam</span> <span class='ocrx_word' id='word_1_184' title='bbox 1351 2279 1573 2331; x_wconf 86' lang='lat' dir='ltr'>fortasse</span> <span class='ocrx_word' id='word_1_185' title='bbox 1605 2278 1948 2349; x_wconf 86' lang='lat' dir='ltr'>triumphum,</span> 
     </span>
     <span class='ocr_line' id='line_1_29' title="bbox 402 2350 1445 2412; baseline -0.002 -9"><span class='ocrx_word' id='word_1_186' title='bbox 402 2351 628 2403; x_wconf 87' lang='lat' dir='ltr'>sufficiet</span> <span class='ocrx_word' id='word_1_187' title='bbox 657 2351 848 2403; x_wconf 89' lang='lat' dir='ltr'>nostris</span> <span class='ocrx_word' id='word_1_188' title='bbox 878 2351 924 2403; x_wconf 93' lang='lat' dir='ltr'>si</span> <span class='ocrx_word' id='word_1_189' title='bbox 952 2351 1110 2403; x_wconf 90' lang='lat' dir='ltr'>modo</span> <span class='ocrx_word' id='word_1_190' title='bbox 1140 2351 1247 2402; x_wconf 90' lang='lat' dir='ltr'>vita</span> <span class='ocrx_word' id='word_1_191' title='bbox 1278 2350 1445 2412; x_wconf 90' lang='lat' dir='ltr'>malis,</span> 
     </span>
    </p>

    <p class='ocr_par' dir='ltr' id='par_1_3' title="bbox 243 2420 1672 2632">
     <span class='ocr_line' id='line_1_30' title="bbox 243 2420 1672 2491; baseline -0.005 -13"><span class='ocrx_word' id='word_1_192' title='bbox 243 2438 298 2477; x_wconf 83' lang='lat'>65</span> <span class='ocrx_word' id='word_1_193' title='bbox 328 2421 568 2474; x_wconf 90' lang='lat' dir='ltr'>imbuero</span> <span class='ocrx_word' id='word_1_194' title='bbox 601 2421 877 2490; x_wconf 86' lang='lat' dir='ltr'>Scythicas</span> <span class='ocrx_word' id='word_1_195' title='bbox 909 2422 953 2474; x_wconf 89' lang='lat' dir='ltr'>si</span> <span class='ocrx_word' id='word_1_196' title='bbox 981 2439 1087 2474; x_wconf 89' lang='lat' dir='ltr'>non</span> <span class='ocrx_word' id='word_1_197' title='bbox 1117 2421 1261 2491; x_wconf 90' lang='lat' dir='ltr'>prius</span> <span class='ocrx_word' id='word_1_198' title='bbox 1292 2421 1405 2490; x_wconf 92' lang='lat' dir='ltr'>ipse</span> <span class='ocrx_word' id='word_1_199' title='bbox 1437 2420 1672 2489; x_wconf 85' lang='lat' dir='ltr'>sagittas,</span> 
     </span>
     <span class='ocr_line' id='line_1_31' title="bbox 402 2489 1650 2561; baseline -0.002 -17"><span class='ocrx_word' id='word_1_200' title='bbox 402 2492 780 2559; x_wconf 89' lang='lat' dir='ltr'>abstuleritque</span> <span class='ocrx_word' id='word_1_201' title='bbox 811 2492 960 2545; x_wconf 89' lang='lat' dir='ltr'>ferox</span> <span class='ocrx_word' id='word_1_202' title='bbox 990 2492 1090 2544; x_wconf 94' lang='lat' dir='ltr'>hoc</span> <span class='ocrx_word' id='word_1_203' title='bbox 1122 2500 1281 2561; x_wconf 88' lang='lat' dir='ltr'>caput</span> <span class='ocrx_word' id='word_1_204' title='bbox 1310 2510 1435 2544; x_wconf 90' lang='lat' dir='ltr'>ense</span> <span class='ocrx_word' id='word_1_205' title='bbox 1468 2489 1650 2543; x_wconf 85' lang='lat' dir='ltr'>Getes.</span> 
     </span>
     <span class='ocr_line' id='line_1_32' title="bbox 331 2561 1659 2632; baseline -0.002 -16"><span class='ocrx_word' id='word_1_206' title='bbox 331 2581 467 2632; x_wconf 90' lang='lat' dir='ltr'>quae</span> <span class='ocrx_word' id='word_1_207' title='bbox 498 2563 542 2615; x_wconf 92' lang='lat' dir='ltr'>si</span> <span class='ocrx_word' id='word_1_208' title='bbox 571 2582 655 2615; x_wconf 90' lang='lat' dir='ltr'>me</span> <span class='ocrx_word' id='word_1_209' title='bbox 688 2563 832 2614; x_wconf 90' lang='lat' dir='ltr'>salvo</span> <span class='ocrx_word' id='word_1_210' title='bbox 863 2562 1073 2614; x_wconf 82' lang='lat' dir='ltr'>dabitur</span> <span class='ocrx_word' id='word_1_211' title='bbox 1102 2572 1195 2615; x_wconf 87' lang='lat' dir='ltr'>tua</span> <span class='ocrx_word' id='word_1_212' title='bbox 1223 2563 1403 2615; x_wconf 89' lang='lat' dir='ltr'>laurea</span> <span class='ocrx_word' id='word_1_213' title='bbox 1433 2561 1659 2631; x_wconf 87' lang='lat' dir='ltr'>templis,</span> 
     </span>
    </p>

    <p class='ocr_par' dir='ltr' id='par_1_4' title="bbox 402 2632 1376 2686">
     <span class='ocr_line' id='line_1_33' title="bbox 402 2632 1376 2686; baseline -0.002 0"><span class='ocrx_word' id='word_1_214' title='bbox 402 2633 578 2686; x_wconf 86' lang='lat' dir='ltr'>omnia</span> <span class='ocrx_word' id='word_1_215' title='bbox 608 2633 688 2684; x_wconf 90' lang='lat' dir='ltr'>bis</span> <span class='ocrx_word' id='word_1_216' title='bbox 721 2632 861 2686; x_wconf 88' lang='lat' dir='ltr'>dices</span> <span class='ocrx_word' id='word_1_217' title='bbox 893 2652 1018 2686; x_wconf 87' lang='lat' dir='ltr'>vera</span> <span class='ocrx_word' id='word_1_218' title='bbox 1048 2633 1211 2685; x_wconf 87' lang='lat' dir='ltr'>fuisse</span> <span class='ocrx_word' id='word_1_219' title='bbox 1242 2652 1376 2686; x_wconf 88' lang='lat' dir='ltr'>mea.</span> 
     </span>
    </p>
   </div>
   <div class='ocr_carea' id='block_1_3' title="bbox 1145 2746 1219 2798">
    <p class='ocr_par' dir='ltr' id='par_1_5' title="bbox 1145 2746 1219 2798">
     <span class='ocr_line' id='line_1_34' title="bbox 1145 2746 1219 2798; baseline -0.014 0"><span class='ocrx_word' id='word_1_220' title='bbox 1145 2746 1219 2798; x_wconf 89' lang='grc' dir='ltr'>ΙΙ.</span> 
     </span>
    </p>
   </div>
   <div class='ocr_carea' id='block_1_4' title="bbox 191 2844 2036 3552">
    <p class='ocr_par' dir='ltr' id='par_1_6' title="bbox 191 2844 2036 3552">
     <span class='ocr_line' id='line_1_35' title="bbox 330 2844 2036 2915; baseline -0.001 -17"><span class='ocrx_word' id='word_1_221' title='bbox 330 2846 428 2898; x_wconf 88' lang='lat' dir='ltr'>Ille</span> <span class='ocrx_word' id='word_1_222' title='bbox 452 2846 638 2898; x_wconf 88' lang='lat' dir='ltr'>domus</span> <span class='ocrx_word' id='word_1_223' title='bbox 662 2854 866 2899; x_wconf 91' lang='lat' dir='ltr'>vestrae</span> <span class='ocrx_word' id='word_1_224' title='bbox 889 2845 1070 2915; x_wconf 89' lang='lat' dir='ltr'>primis</span> <span class='ocrx_word' id='word_1_225' title='bbox 1093 2854 1369 2899; x_wconf 87' lang='lat' dir='ltr'>venerator</span> <span class='ocrx_word' id='word_1_226' title='bbox 1391 2846 1458 2898; x_wconf 85' lang='lat' dir='ltr'>ab</span> <span class='ocrx_word' id='word_1_227' title='bbox 1482 2844 1647 2907; x_wconf 90' lang='lat' dir='ltr'>annis,</span> <span class='ocrx_word' id='word_1_228' title='bbox 1722 2845 1781 2886; x_wconf 89' lang='lat' dir='ltr'><em>M</em></span> <span class='ocrx_word' id='word_1_229' title='bbox 1785 2845 1828 2886; x_wconf 85' lang='lat' dir='ltr'><em>E</em></span> <span class='ocrx_word' id='word_1_230' title='bbox 1834 2846 1869 2887; x_wconf 82' lang='lat' dir='ltr'><strong><em>S</em></strong></span> <span class='ocrx_word' id='word_1_231' title='bbox 1877 2846 1912 2887; x_wconf 80' lang='lat' dir='ltr'><strong><em>S</em></strong></span> <span class='ocrx_word' id='word_1_232' title='bbox 1921 2845 2036 2888; x_wconf 80' lang='lat' dir='ltr'>AL·</span> 
     </span>
     <span class='ocr_line' id='line_1_36' title="bbox 401 2902 1959 2986; baseline 0 -18"><span class='ocrx_word' id='word_1_233' title='bbox 401 2917 584 2986; x_wconf 92' lang='lat' dir='ltr'>pulsus</span> <span class='ocrx_word' id='word_1_234' title='bbox 616 2917 685 2968; x_wconf 87' lang='lat' dir='ltr'>ad</span> <span class='ocrx_word' id='word_1_235' title='bbox 714 2916 913 2969; x_wconf 84' lang='lat' dir='ltr'>Euxini</span> <span class='ocrx_word' id='word_1_236' title='bbox 941 2917 1087 2970; x_wconf 90' lang='lat' dir='ltr'>Naso</span> <span class='ocrx_word' id='word_1_237' title='bbox 1119 2917 1329 2969; x_wconf 87' lang='lat' dir='ltr'>sinistra</span> <span class='ocrx_word' id='word_1_238' title='bbox 1358 2916 1495 2978; x_wconf 88' lang='lat' dir='ltr'>freti,</span> <span class='ocrx_word' id='word_1_239' title='bbox 1766 2903 1845 2944; x_wconf 58' lang='grc' dir='ltr'>ΕΙ</span> <span class='ocrx_word' id='word_1_240' title='bbox 1851 2902 1903 2943; x_wconf 84' lang='grc' dir='ltr'><em>Ν</em></span> <span class='ocrx_word' id='word_1_241' title='bbox 1910 2902 1959 2944; x_wconf 79' lang='lat'>0·</span> 
     </span>
     <span class='ocr_line' id='line_1_37' title="bbox 330 2987 1707 3050; baseline 0 -11"><span class='ocrx_word' id='word_1_242' title='bbox 330 2988 489 3040; x_wconf 88' lang='lat' dir='ltr'>mittit</span> <span class='ocrx_word' id='word_1_243' title='bbox 518 2988 586 3039; x_wconf 88' lang='lat' dir='ltr'>ab</span> <span class='ocrx_word' id='word_1_244' title='bbox 615 2987 881 3040; x_wconf 85' lang='lat' dir='ltr'>indomitis</span> <span class='ocrx_word' id='word_1_245' title='bbox 911 2987 1071 3050; x_wconf 91' lang='lat' dir='ltr'>hanc,</span> <span class='ocrx_word' id='word_1_246' title='bbox 1102 2987 1436 3049; x_wconf 88' lang='lat' dir='ltr'>Messalline,</span> <span class='ocrx_word' id='word_1_247' title='bbox 1469 2987 1707 3050; x_wconf 88' lang='lat' dir='ltr'>salutem,</span> 
     </span>
     <span class='ocr_line' id='line_1_38' title="bbox 403 3056 1686 3128; baseline -0.001 -18"><span class='ocrx_word' id='word_1_248' title='bbox 403 3077 564 3126; x_wconf 89' lang='lat' dir='ltr'>quam</span> <span class='ocrx_word' id='word_1_249' title='bbox 595 3059 777 3111; x_wconf 90' lang='lat' dir='ltr'>solitus</span> <span class='ocrx_word' id='word_1_250' title='bbox 807 3077 1056 3128; x_wconf 88' lang='lat' dir='ltr'>praesens</span> <span class='ocrx_word' id='word_1_251' title='bbox 1088 3068 1166 3111; x_wconf 87' lang='lat' dir='ltr'>est</span> <span class='ocrx_word' id='word_1_252' title='bbox 1196 3059 1292 3110; x_wconf 90' lang='lat' dir='ltr'>tibi</span> <span class='ocrx_word' id='word_1_253' title='bbox 1321 3058 1483 3121; x_wconf 87' lang='lat' dir='ltr'>ferre,</span> <span class='ocrx_word' id='word_1_254' title='bbox 1517 3056 1686 3110; x_wconf 83' lang='lat' dir='ltr'>Getis.</span> 
     </span>
     <span class='ocr_line' id='line_1_39' title="bbox 191 3129 1639 3191; baseline -0.003 -7"><span class='ocrx_word' id='word_1_255' title='bbox 191 3188 195 3191; x_wconf 58' lang='grc'>,</span> <span class='ocrx_word' id='word_1_256' title='bbox 273 3146 300 3184; x_wconf 90' lang='grc'>5</span> <span class='ocrx_word' id='word_1_257' title='bbox 333 3129 382 3182; x_wconf 94' lang='lat' dir='ltr'>ei</span> <span class='ocrx_word' id='word_1_258' title='bbox 411 3129 564 3191; x_wconf 91' lang='lat' dir='ltr'>mihi,</span> <span class='ocrx_word' id='word_1_259' title='bbox 596 3130 640 3181; x_wconf 88' lang='lat' dir='ltr'>si</span> <span class='ocrx_word' id='word_1_260' title='bbox 669 3130 804 3182; x_wconf 87' lang='lat' dir='ltr'>lecto</span> <span class='ocrx_word' id='word_1_261' title='bbox 834 3130 1010 3182; x_wconf 87' lang='lat' dir='ltr'>vultus</span> <span class='ocrx_word' id='word_1_262' title='bbox 1041 3129 1137 3182; x_wconf 91' lang='lat' dir='ltr'>tibi</span> <span class='ocrx_word' id='word_1_263' title='bbox 1168 3129 1378 3182; x_wconf 91' lang='lat' dir='ltr'>nomine</span> <span class='ocrx_word' id='word_1_264' title='bbox 1408 3146 1515 3181; x_wconf 90' lang='lat' dir='ltr'>non</span> <span class='ocrx_word' id='word_1_265' title='bbox 1545 3138 1639 3190; x_wconf 88' lang='lat' dir='ltr'>est,</span> 
     </span>
     <span class='ocr_line' id='line_1_40' title="bbox 402 3199 1498 3269; baseline 0.001 -18"><span class='ocrx_word' id='word_1_266' title='bbox 402 3200 493 3267; x_wconf 92' lang='lat' dir='ltr'>qui</span> <span class='ocrx_word' id='word_1_267' title='bbox 522 3199 647 3262; x_wconf 87' lang='lat' dir='ltr'>fuit,</span> <span class='ocrx_word' id='word_1_268' title='bbox 678 3208 730 3252; x_wconf 90' lang='lat' dir='ltr'>et</span> <span class='ocrx_word' id='word_1_269' title='bbox 760 3199 970 3252; x_wconf 89' lang='lat' dir='ltr'>dubitas</span> <span class='ocrx_word' id='word_1_270' title='bbox 1001 3210 1174 3252; x_wconf 90' lang='lat' dir='ltr'>cetera</span> <span class='ocrx_word' id='word_1_271' title='bbox 1203 3199 1498 3269; x_wconf 80' lang='lat' dir='ltr'>perlegere!</span> 
     </span>
     <span class='ocr_line' id='line_1_41' title="bbox 330 3270 1727 3339; baseline 0 -17"><span class='ocrx_word' id='word_1_272' title='bbox 330 3271 565 3339; x_wconf 85' lang='lat' dir='ltr'>perlege,</span> <span class='ocrx_word' id='word_1_273' title='bbox 596 3288 695 3322; x_wconf 91' lang='lat' dir='ltr'>nec</span> <span class='ocrx_word' id='word_1_274' title='bbox 724 3288 932 3322; x_wconf 90' lang='lat' dir='ltr'>mecum</span> <span class='ocrx_word' id='word_1_275' title='bbox 962 3270 1157 3339; x_wconf 85' lang='lat' dir='ltr'>pariter</span> <span class='ocrx_word' id='word_1_276' title='bbox 1186 3289 1305 3322; x_wconf 92' lang='lat' dir='ltr'>mea</span> <span class='ocrx_word' id='word_1_277' title='bbox 1333 3270 1496 3323; x_wconf 87' lang='lat' dir='ltr'>verba</span> <span class='ocrx_word' id='word_1_278' title='bbox 1525 3270 1727 3339; x_wconf 84' lang='lat' dir='ltr'>relega:</span> 
     </span>
     <span class='ocr_line' id='line_1_42' title="bbox 401 3340 1476 3393; baseline 0 -1"><span class='ocrx_word' id='word_1_279' title='bbox 401 3340 531 3393; x_wconf 89' lang='lat' dir='ltr'>urbe</span> <span class='ocrx_word' id='word_1_280' title='bbox 561 3340 682 3393; x_wconf 90' lang='lat' dir='ltr'>licet</span> <span class='ocrx_word' id='word_1_281' title='bbox 712 3349 886 3392; x_wconf 89' lang='lat' dir='ltr'>vestra</span> <span class='ocrx_word' id='word_1_282' title='bbox 916 3340 1154 3392; x_wconf 89' lang='lat' dir='ltr'>versibus</span> <span class='ocrx_word' id='word_1_283' title='bbox 1186 3360 1299 3393; x_wconf 90' lang='lat' dir='ltr'>esse</span> <span class='ocrx_word' id='word_1_284' title='bbox 1330 3341 1476 3393; x_wconf 74' lang='lat' dir='ltr'>meis·</span> 
     </span>
     <span class='ocr_line' id='line_1_43' title="bbox 330 3409 1559 3480; baseline 0 -17"><span class='ocrx_word' id='word_1_285' title='bbox 330 3429 436 3463; x_wconf 91' lang='lat' dir='ltr'>non</span> <span class='ocrx_word' id='word_1_286' title='bbox 467 3429 566 3480; x_wconf 91' lang='lat' dir='ltr'>ego</span> <span class='ocrx_word' id='word_1_287' title='bbox 599 3410 841 3480; x_wconf 90' lang='lat' dir='ltr'>concepi,</span> <span class='ocrx_word' id='word_1_288' title='bbox 874 3410 918 3463; x_wconf 91' lang='lat' dir='ltr'>si</span> <span class='ocrx_word' id='word_1_289' title='bbox 947 3410 1135 3463; x_wconf 91' lang='lat' dir='ltr'>Pelion</span> <span class='ocrx_word' id='word_1_290' title='bbox 1168 3409 1310 3463; x_wconf 90' lang='lat' dir='ltr'>Ossa</span> <span class='ocrx_word' id='word_1_291' title='bbox 1339 3411 1559 3474; x_wconf 90' lang='lat' dir='ltr'>tulisset,</span> 
     </span>
     <span class='ocr_line' id='line_1_44' title="bbox 246 3481 1468 3552; baseline -0.002 -15"><span class='ocrx_word' id='word_1_292' title='bbox 246 3499 300 3538; x_wconf 94' lang='lat'>10</span> <span class='ocrx_word' id='word_1_293' title='bbox 403 3483 543 3535; x_wconf 89' lang='lat' dir='ltr'>clara</span> <span class='ocrx_word' id='word_1_294' title='bbox 573 3501 692 3536; x_wconf 89' lang='lat' dir='ltr'>mea</span> <span class='ocrx_word' id='word_1_295' title='bbox 721 3481 868 3551; x_wconf 88' lang='lat' dir='ltr'>tangi</span> <span class='ocrx_word' id='word_1_296' title='bbox 898 3481 1070 3535; x_wconf 84' lang='lat' dir='ltr'>sidera</span> <span class='ocrx_word' id='word_1_297' title='bbox 1098 3500 1253 3552; x_wconf 88' lang='lat' dir='ltr'>posse</span> <span class='ocrx_word' id='word_1_298' title='bbox 1285 3500 1443 3535; x_wconf 90' lang='lat' dir='ltr'>manu</span> <span class='ocrx_word' id='word_1_299' title='bbox 1454 3504 1468 3544; x_wconf 85' lang='lat'>3</span> 
     </span>
    </p>
   </div>
  </div>
 </body>
</html>
