2158 3906
315 345 424 398 244
874 352 928 395 P.
963 351 1170 398 OVIDII
1199 352 1470 398 NASONIS

321 468 398 512 est
429 457 503 509 illi
534 474 689 509 curae
721 473 806 507 me
836 454 1078 522 perdere:
1111 471 1353 522 quaeque
1385 454 1587 508 solebat

394 547 507 580 esse
538 526 692 587 levis,
726 534 968 576 constans
1001 534 1052 577 et
1081 524 1216 577 bene
1248 533 1390 578 certa
1418 535 1587 578 nocet.

322 599 474 651 crede
505 596 656 657 mihi,
688 595 731 647 si
763 613 882 647 sum
912 594 1022 647 veri
1051 594 1147 647 tibi
1177 595 1418 665 cognitus
1450 597 1571 659 oris,

391 686 488 720 nec
518 668 706 736 planus
737 666 790 717 in
819 665 1009 718 nostris
1042 666 1249 718 casibus
1281 685 1395 720 esse
1425 677 1607 749 putor:

237 758 289 795 25
325 737 620 807 Cinyphiae
652 736 844 806 segetis
876 737 1026 789 citius
1056 738 1357 790 numerabis
1389 738 1591 800 aristas,

393 810 603 876 altaque
634 825 794 876 quam
826 807 1002 860 multis
1033 808 1216 861 floreat
1244 809 1428 877 Hybla
1457 809 1667 878 thymis,

323 889 374 932 et
404 889 533 947 quot
564 897 687 931 aves
718 877 873 930 motis
904 879 1138 931 nitantur
1166 879 1220 931 in
1252 884 1371 932 ae‘re
1401 879 1590 948 pinniS‚

391 959 626 1018 quotque
656 958 837 1002 natent
867 949 1036 1018 pisces
1067 967 1319 1017 aequore,
1351 959 1523 1003 certus
1554 951 1670 1012 eriS,

322 1039 483 1090 quam
509 1020 609 1073 tibi
638 1029 932 1072 nostrorum
964 1029 1224 1073 statuatur
1254 1040 1461 1073 summa
1489 1021 1748 1085 lab01um,

238 1111 292 1149 30
392 1111 524 1160 quos
556 1110 656 1161 ego
688 1110 806 1143 sum
836 1099 997 1154 terra,
1029 1109 1160 1159 quos
1193 1110 1292 1160 ego
1323 1111 1510 1161 passus
1541 1110 1693 1160 aqua.

321 1164 466 1215 nulla
499 1133 651 1216 Getis
683 1171 793 1215 toto
823 1181 956 1232 gens
986 1171 1066 1215 est
1095 1163 1438 1216 truculentior
1469 1163 1617 1215 orbe:

394 1234 487 1287 sed
516 1243 693 1287 tamen
723 1233 778 1285 hi
809 1233 999 1286 nostris
1030 1233 1335 1303 ingemuere
1366 1233 1531 1286 malis.

323 1323 457 1372 quae
489 1304 585 1356 tibi
615 1305 660 1356 si
689 1305 910 1357 memori
941 1322 1099 1357 coner
1128 1305 1451 1374 perscribere
1483 1324 1657 1368 versu,

393 1376 519 1428 Ilias
552 1384 629 1428 est
659 1375 755 1428 fati
784 1376 944 1445 longa
971 1375 1151 1428 futura
1180 1375 1300 1429 mei.

240 1463 292 1503 35
323 1465 429 1499 non
460 1446 621 1516 igitur
651 1464 857 1509 vereor,
890 1446 1015 1515 quia
1045 1456 1096 1499 te
1126 1466 1243 1499 rear
1272 1466 1387 1500 esse
1418 1447 1725 1510 verendum,

398 1518 546 1569 cuius
579 1535 726 1569 amor
754 1517 907 1570 nobis
937 1517 1159 1586 pignora
1189 1517 1331 1571 mille
1363 1518 1528 1571 dedit:

325 1588 419 1641 sed
450 1588 574 1655 quia
604 1607 687 1640 res
718 1588 902 1640 timida
933 1598 1010 1640 est
1042 1588 1210 1639 omnis
1240 1589 1421 1651 miser,
1453 1598 1506 1641 et
1535 1589 1660 1656 quia
1689 1589 1849 1659 longo
1881 1596 1962 1642 est

395 1669 630 1727 tempore
661 1659 888 1711 laetitiae
919 1659 1077 1711 ianua
1107 1660 1286 1711 clausa
1315 1678 1481 1712 meae.

323 1729 430 1781 iam
462 1730 610 1781 dolor
638 1730 694 1781 in
724 1748 922 1782 morem
954 1729 1096 1782 venit
1125 1748 1297 1782 meus:
1330 1739 1495 1798 utque
1526 1730 1737 1783 caducis

239 1818 294 1856 40
396 1818 649 1869 percussu
680 1801 862 1852 crebro
895 1816 1022 1852 saxa
1053 1810 1307 1852 cavantur
1336 1801 1503 1868 aquiS,

325 1871 399 1923 sic
430 1889 529 1940 ego
563 1870 809 1923 continuo
840 1871 1081 1923 fortunae
1113 1872 1359 1923 vulneror
1388 1872 1513 1933 iem,

395 1942 591 2009 vixque
621 1941 783 1994 habet
810 1941 865 1993 in
894 1942 1046 1993 nobis
1077 1941 1182 1993 iam
1212 1960 1351 1994 nova
1379 1942 1539 2012 plaga
1568 1942 1760 1995 locum.

322 2030 421 2065 nec
451 2012 621 2081 magis
654 2012 864 2064 assiduo
894 2030 1074 2065 vomer
1104 2021 1351 2064 tenuatur
1381 2013 1448 2065 ab
1480 2032 1596 2075 usu,

394 2102 491 2136 nec
522 2083 692 2153 magis
723 2092 803 2135 est
832 2083 1004 2135 curvis
1037 2083 1217 2153 Appia
1247 2083 1368 2136 trita
1397 2084 1541 2146 rotis,

210 2170 291 2209 ·45
323 2163 538 2223 pectora
568 2172 729 2221 quam
759 2173 878 2236 mea
909 2163 1031 2207 sunt
1061 2154 1193 2207 serie
1225 2164 1436 2208 caecata
1467 2155 1745 2208 malorum.

396 2234 447 2277 et
476 2224 649 2276 nihil
636 2225 839 2288 mveni,
870 2225 1014 2307 quod
1043 2225 1172 2277 mihi
1202 2225 1361 2278 ferret
1393 2245 1564 2296 opem.

325 2296 570 2348 artibusi
553 2296 797 2378 ingenuis
827 2297 1065 2364 quaesita
1096 2305 1175 2350 est
1204 2297 1373 2366 gloria
1402 2297 1603 2349 multis,

394 2367 579 2419 infelix
608 2367 740 2436 perii
771 2367 1026 2419 dotibus
1012 2387 1123 2437 1pse
1154 2367 1300 2420 meis.

324 2437 432 2490 vita
462 2437 602 2506 prior
632 2438 758 2490 vitio
791 2447 934 2491 caret
963 2447 1016 2491 et
1046 2439 1157 2490 sine
1187 2438 1305 2490 labe
1336 2448 1548 2508 peracta
1580 2447 1681 2492 est.

239 2526 295 2564 50
397 2507 576 2560 auxilii
606 2508 796 2560 misero
825 2508 899 2560 nil
928 2509 1048 2561 tulit
1076 2509 1166 2560 illa
1196 2508 1338 2560 mihi.

327 2580 481 2648 culpa
510 2579 686 2648 gravis
717 2579 961 2648 precibus
993 2579 1217 2632 donatur
1247 2598 1403 2648 saepe
1435 2597 1672 2632 suorum:

398 2650 565 2701 omnis
595 2668 691 2719 pro
722 2650 874 2702 nobis
905 2650 1075 2719 gratia
1106 2659 1251 2702 muta
1282 2649 1397 2702 fuit.

327 2720 584 2772 adiuvat
570 2741 625 2772 m
656 2721 799 2773 duris
831 2721 1007 2789 aliqua
1035 2721 1331 2790 praesentia
1361 2721 1542 2773 rebus:

397 2791 572 2843 obruit
601 2790 702 2844 hoc
732 2792 921 2845 absens
953 2802 1102 2844 vasta
1131 2792 1362 2862 procella
1393 2801 1568 2861 caput.

241 2879 294 2917 55
327 2862 443 2930 quis
474 2880 580 2914 non
610 2862 868 2915 horruerit
897 2862 1109 2916 tacitam
1139 2881 1348 2932 quoque
1382 2861 1624 2916 Caesaris
1655 2863 1820 2916 iram?

398 2933 577 2986 addita
608 2942 729 2986 sunt
758 2933 941 3003 poenis
973 2953 1158 3003 aspera
1187 2934 1350 2988 verba
1377 2934 1524 2986 meis·

325 3004 384 3055 fit
413 3004 543 3073 fuga
573 3005 896 3074 temporibus
927 3006 1113 3058 levior:
1144 3004 1407 3075 proiectus
1437 3005 1492 3057 in
1523 3023 1720 3074 aequor

397 3075 688 3128 Arcturum
720 3075 859 3128 subii
887 3076 1274 3145 Pleiadumque
1304 3076 1490 3128 minas.

327 3164 481 3214 saepe
514 3147 682 3198 solent
711 3145 938 3200 hiemem
967 3147 1228 3216 placidam
1260 3148 1451 3200 sentire
1483 3146 1713 3199 carinae:

242 3232 296 3271 60
398 3234 503 3267 11011
532 3217 747 3270 Ithacae
777 3217 944 3299 puppi
973 3218 1178 3270 saevior
1207 3218 1350 3270 unda
1379 3217 1494 3269 fuit.

325 3296 468 3338 recta
497 3287 627 3339 fides
660 3288 911 3340 comitum
940 3297 1143 3357 poterat
1173 3289 1313 3341 mala
1341 3297 1520 3340 nostra
1550 3287 1749 3341 levare:

398 3357 563 3409 ditata
593 3366 671 3409 est
702 3357 882 3439 spoliis
910 3358 1112 3426 perfida
1142 3358 1298 3411 turba
1326 3359 1474 3411 meis.

329 3426 505 3479 mitius
537 3428 752 3480 exilium
782 3427 983 3481 faciunt
1011 3429 1150 3482 loca:
1182 3428 1376 3481 tristior
1406 3429 1505 3481 ista
1574 3444 1577 3446 ’

401 3510 537 3551 terra
569 3498 667 3552 sub
699 3499 955 3553 ambobus
986 3517 1093 3553 non
1121 3500 1257 3554 iacet
1287 3500 1393 3553 ulla
1422 3500 1574 3570 polis.
