2158 3906
276 336 390 391 294
841 348 894 394 P..
929 348 1136 396 OVIDII
1164 347 1436 397 NASONIS

543 846 805 911 OVIDII
852 846 1191 911 OPERUM
1233 847 1742 913 FRAGMENTA

319 1004 553 1084 deque
599 1004 1003 1085 deperditis
1053 1007 1484 1068 carminibus
1529 1007 1957 1068 testimonia.

1123 1230 1153 1283 I
1371 1270 1377 1274 .

288 1317 499 1384 Quintil.
544 1320 692 1372 VIII
712 1323 759 1382 5,
794 1322 850 1372 6.·
900 1327 1024 1384 apud
1045 1327 1261 1372 Ovidium
1281 1327 1483 1372 Medea
1512 1327 1625 1371 dicit

513 1405 721 1458 servare
751 1406 920 1475 potui:
953 1406 1171 1476 perdere
1203 1426 1271 1460 an
1301 1408 1522 1477 possim,
1553 1407 1743 1477 rogas?

1112 1534 1171 1587 II

284 1622 471 1675 Seneca
501 1643 692 1676 suasor.
725 1626 773 1685 5,
810 1626 843 1674 7
852 1645 869 1676 .·
923 1644 1022 1674 esse
1043 1634 1198 1674 autem
1216 1630 1265 1674 in
1286 1630 1529 1689 tragoedia
1554 1630 1651 1675 eius
1680 1633 1753 1684 (sc.
1784 1630 1996 1688 Nasonis)

696 1709 837 1762 feror
866 1709 968 1762 huc
998 1709 1146 1772 illuc,
1178 1719 1236 1763 ut
1266 1710 1423 1780 plena
1453 1709 1567 1763 deo·

215 1846 217 1848 ,
281 1791 352 1860 ef.
386 1794 444 1843 de
472 1792 652 1844 Medea
684 1796 941 1862 trayoeclz'a
977 1793 1189 1878 Quintil..
1223 1796 1281 1847 X
1309 1797 1349 1856 4,
1374 1797 1458 1847 98.
1527 1797 1728 1847 Tacitus
1760 1797 1882 1848 dial.
1916 1798 1995 1848 42.

370 1862 559 1915 Valerii
580 1865 650 1915 ad
661 1864 906 1934 Rufinum
930 1866 1189 1933 epistula
1169 1885 1223 1917 ιη
1249 1835 1360 1918 edd'.
1378 1865 1681 1936 Hzeronymi
1699 1868 1794 1919 vol.
1818 1868 1908 1919 ult.
1926 1895 1998 1903 —-

364 1932 507 1985 Ovid.
539 1934 658 1986 Am.
690 1924 765 1987 ΙΪ
788 1937 863 1987 48.
895 1936 1063 1988 IIIa,
1148 1938 1300 1988 Trist.
1332 1936 1406 1989 II
1428 1938 1543 1988 555.

1095 2063 1184 2115 III

289 2153 582 2205 Priscianus
625 2154 677 2205 V
695 2173 754 2224 p.
784 2156 893 2215 149,
928 2155 1076 2207 45H'.
1132 2126 1322 2204 Ovidius
1342 2160 1391 2203 in
1410 2159 1873 2220 Epigrammatis:

570 2238 734 2292 Larte
764 2238 915 2292 ferox
947 2258 1099 2293 caeso
1133 2237 1334 2292 Cossus
1366 2240 1545 2310 opima
1575 2241 1708 2294 tulit.

1096 2367 1179 2420 IV

286 2454 502 2520 Quintil.
534 2458 627 2510 IX
652 2461 700 2518 5,
736 2459 832 2509 70.-
883 2463 1008 2519 apud
1030 2462 1244 2507 Ovidium
1264 2463 1496 2507 ludentem

569 2559 662 2594 eur
693 2559 792 2611 ego
823 2559 929 2593 non
960 2542 1153 2603 dicam,
1185 2542 1371 2605 Furia,
1403 2552 1454 2596 te
1485 2543 1708 2596 furiam?

1114 2670 1167 2723 V

281 2767 485 2819 Probus
522 2769 577 2819 in
619 2768 762 2838 Ver9.
809 2766 990 2838 Geory.
1032 2769 1075 2821 I
1104 2770 1226 2820 158:
1277 2773 1469 2819 Ovidius
1503 2775 1552 2819 in
1582 2775 1996 2821 Phaenomenis

360 2842 515 2886 dicens
537 2843 593 2886 de
614 2842 787 2887 Perseo

454 2915 700 2969 Pleiades
733 2925 851 2969 ante
882 2934 1051 2986 genus
1083 2925 1286 2987 septem
1316 2917 1520 2971 radiare
1551 2918 1807 2982 feruntur,

459 2986 552 3039 sed
582 2995 758 3040 tamen
789 2996 1007 3058 apparet
1039 2987 1137 3039 sub
1168 3005 1335 3057 opaca
1365 2989 1586 3059 septima
1615 2990 1771 3043 nube.

1099 3116 1183 3169 VI

287 3205 525 3257 Laetam.
557 3207 675 3257 inst.
709 3208 807 3258 cliv.
840 3207 914 3258 II
935 3210 995 3258 5.·
1044 3212 1196 3255 Naso·
1207 3225 1310 3255 eum
1343 3212 1510 3256 librum
1548 3225 1637 3269 quo
1676 3218 1780 3257 Φαι
1790 3214 1996 3270 νόμενα

359 3272 558 3316 breviter
579 3273 938 3330 comprehendit,
960 3274 1031 3317 his
1051 3274 1198 3318 tribus
1219 3274 1423 3319 versibus
1443 3276 1726 3319 terminavit.

466 3345 571 3397 Tot
601 3364 818 3399 numero
849 3346 1043 3416 talique
1074 3346 1203 3400 deus
1236 3347 1516 3400 simulacra
1544 3348 1718 3418 figura

466 3415 714 3485 imposuit
746 3417 914 3479 eae10,
945 3435 1143 3499 perque
1175 3427 1314 3469 atras
1345 3436 1526 3486 sparsa
1555 3420 1799 3474 tenebras

466 3487 607 3539 clara
635 3487 916 3556 pruinosae
947 3487 1098 3540 iussit
1129 3488 1254 3541 dare
1286 3489 1485 3542 lumina
1515 3491 1672 3544 noeti.
