2158 3906
349 295 451 348 176
902 302 957 345 Ρ.
993 299 1202 346 OVIDII
1233 299 1504 346 NASONIS

352 425 452 461 nec
481 416 589 459 tam
619 413 744 457 nota
775 402 927 465 mihi,
959 420 1119 470 quam
1151 411 1294 464 sunt,
1326 402 1466 454 mala
1495 412 1672 454 nostra
1703 403 1938 455 fuerunt=

425 496 566 531 nunc
597 475 765 543 magis
796 473 920 533 1100,
951 490 1057 554 quo
1089 482 1211 525 sunt
1242 473 1554 542 cognitiora,
1586 483 1823 542 gravant.

357 558 435 602 est
467 563 677 615 quoque
708 562 814 596 non
842 543 1142 606 minimum,
1173 543 1310 596 vires
1306 516 1548 596 ²³adferre
1580 553 1832 605 recenteS,

267 639 324 678 30
427 635 525 670 nec
555 623 1055 698 praeconsumptum
1085 614 1334 684 temporis
1366 633 1479 667 esse
1509 614 1677 666 malis,

355 687 581 742 fortior
567 706 622 738 m
652 685 800 737 fulva
828 703 997 737 novus
1029 693 1109 737 est
1136 686 1362 738 luctator
1391 685 1606 746 harena,

427 776 588 826 quam
618 756 704 809 cui
735 764 856 808 sunt
886 756 1036 808 tarda
1065 755 1313 808 bracchia
1342 755 1483 808 fessa
1513 774 1683 809 mora:

354 829 562 898 integer
592 836 669 880 est
700 827 885 879 melior
913 826 1092 879 nitidis
1122 826 1425 896 gladiator
1411 846 1466 878 111
1496 826 1671 889 armiS,

426 917 586 967 quam
617 898 702 950 cui
732 899 836 950 tela
866 916 961 950 suo
993 898 1249 967 sanguine
1280 898 1443 949 tincta
1473 897 1678 950 rubent.

268 991 323 1030 35
354 970 456 1024 fert
486 970 620 1022 bene
650 968 963 1039 praecipites
993 969 1142 1020 navis
1173 967 1330 1020 modo
1363 967 1505 1020 facta
1533 969 1812 1038 procellas:

427 1040 718 1109 quamlibet
748 1040 941 1109 exiguo
973 1039 1192 1091 solvitur
1220 1039 1388 1092 imbre
1419 1047 1587 1091 vetuS.

355 1130 451 1165 nos
483 1129 696 1179 quoque
727 1128 864 1178 quae
895 1110 1138 1173 ferimus,
1168 1110 1384 1162 tulimus
1414 1109 1697 1180 patientius
1729 1117 1850 1161 ante

428 1201 589 1250 quam
619 1182 759 1233 mala
790 1191 912 1234 sunt
941 1183 1101 1251 longa
1130 1181 1476 1251 multiplicata
1506 1180 1606 1233 die.

359 1253 580 1315 credite,
614 1252 799 1305 deficio
811 1273 824 1315 3
843 1262 1140 1320 nostroque
1173 1272 1203 1304 a
1233 1269 1450 1321 corpore
1480 1260 1736 1320 quantum

270 1345 327 1384 40
431 1342 685 1393 auguror,
719 1324 971 1376 accedent
1001 1333 1240 1393 tempora
1269 1342 1434 1392 parva
1462 1323 1630 1375 malis,
1774 1323 1777 1326 “

358 1415 482 1448 nam
512 1413 683 1462 neque
715 1404 836 1447 sunt
866 1394 1027 1457 vireS,
1058 1413 1156 1447 nec
1187 1395 1279 1462 qui
1310 1394 1453 1446 color
1483 1412 1596 1446 esse
1627 1393 1851 1445 solebat:

430 1467 519 1517 vix
549 1465 719 1517 habeo
750 1475 987 1527 tenuem,
1019 1484 1154 1533 quae
1184 1474 1330 1534 tegat
1359 1483 1503 1527 ossa,
1535 1474 1724 1517 cutem.

359 1555 575 1606 corpore
608 1536 700 1588 sed
730 1555 878 1588 mens
911 1546 987 1589 est
1020 1554 1178 1604 aegio
1209 1536 1379 1605 magis
1411 1554 1593 1605 aegra,
1624 1534 1853 1602 malique

428 1607 483 1659 in
513 1607 899 1676 circumspectu
932 1615 1032 1658 stat
1065 1607 1176 1659 sine
1207 1580 1330 1659 finec>
1343 1606 1440 1658 sui.

269 1698 324 1737 45
357 1678 505 1730 urbis
537 1678 687 1730 abest
717 1677 904 1739 facieS‚
937 1677 1150 1738 absunt,
1181 1695 1300 1730 mea
1331 1695 1480 1739 cura,
1513 1676 1736 1739 sodales,

429 1758 504 1812 et,
537 1767 644 1817 qua
673 1749 818 1800 nulla
847 1748 975 1799 mihi
1006 1749 1198 1810 carior,
1229 1766 1363 1799 uxor
1394 1747 1558 1800 abest.

357 1820 551 1889 vulgus
583 1819 732 1872 adest
766 1818 1077 1888 Scythicum
1107 1819 1426 1886 bracataque
1456 1818 1613 1870 turba
1645 1816 1924 1870 Getarum.

428 1891 502 1942 sic
532 1909 642 1951 me,
675 1907 811 1958 quae
843 1889 997 1941 video
1027 1907 1134 1941 non
1164 1889 1448 1956 videoque,
1478 1898 1708 1940 movent.

355 1979 463 2013 una
493 1970 670 2013 tamen
702 1979 822 2030 spes
855 1969 956 2021 est,
989 1977 1124 2027 quae
1156 1979 1241 2012 me
1273 1959 1470 2012 soletur
1498 1959 1552 2011 in
1582 1959 1711 2022 istis,

269 2053 325 2092 50
427 2031 558 2085 haec
588 2031 701 2084 fore
731 2040 900 2084 morte
931 2049 1051 2084 mea
1080 2049 1187 2084 non
1218 2031 1466 2083 diuturna
1495 2030 1649 2082 mala.

1087 2144 1217 2198 VII.

302 2242 306 2245 ’
354 2244 449 2297 Bis
479 2263 564 2297 me
596 2243 674 2297 sol
705 2244 833 2297 adiit
862 2244 1068 2314 gelidae
1100 2252 1218 2314 post
1248 2242 1447 2313 frigora
1477 2244 1712 2305 brumae,

426 2315 614 2383 bisque
648 2334 803 2368 suum
834 2324 974 2368 tacto
1005 2315 1161 2367 Pisce
1191 2315 1396 2384 peregit
1426 2315 1539 2367 iter.

355 2394 590 2455 tempore
621 2395 729 2438 tam
758 2387 918 2455 longo
950 2404 1043 2438 cur
1072 2404 1179 2437 non
1209 2395 1300 2437 tua
1331 2386 1547 2438 dextera
1577 2402 1760 2438 versus

427 2457 717 2524 quamlibet
745 2457 801 2509 in
830 2475 1028 2526 paucos
1059 2456 1295 2508 officiosa
1325 2456 1457 2508 fuit?

301 2546 326 2585 5
358 2545 449 2580 cur
480 2537 571 2579 tua
603 2527 827 2579 cessavit
857 2527 1049 2596 pietas,
1081 2526 1429 2579 scribentibus
1461 2527 1577 2588 illis,

429 2597 652 2667 exiguus
682 2598 834 2650 nobis
867 2616 986 2650 011111
1018 2597 1210 2665 quibus
1242 2616 1368 2649 usus
1401 2598 1543 2650 erat?

356 2688 410 2731 a,
442 2668 684 2735 quotiens
716 2668 872 2720 alicui
903 2668 1113 2720 chartae
1144 2687 1240 2720 sua
1270 2668 1480 2721 vincula
1512 2667 1733 2737 dempsi,

424 2740 569 2792 illam
601 2740 807 2808 speravi
837 2757 1029 2792 nomen
1059 2740 1253 2792 habere
1283 2739 1456 2791 tuum!

355 2810 409 2862 di
439 2810 658 2873 faciant,
689 2819 748 2862 ut
779 2829 935 2880 saepe
966 2819 1057 2862 tua
1088 2811 1154 2862 sit
1184 2810 1407 2879 epistula
1438 2810 1623 2862 dextra

272 2899 324 2937 10
427 2882 643 2950 scripta,
676 2882 769 2934 sed
800 2900 827 2934 e
858 2881 1037 2933 multis
1066 2881 1270 2934 reddita
1300 2882 1445 2933 nulla
1475 2880 1626 2932 mihi!

354 2953 498 3020 quod
527 2970 736 3022 precor,
768 2971 881 3006 esse
912 2951 1092 3021 liquet.
1168 2952 1379 3005 credam
1404 2952 1554 3022 prius
1586 2970 1676 3004 ora
1706 2950 1968 3004 Medusae

425 3022 694 3092 Gorgonis
726 3023 968 3093 anguinis
1001 3023 1171 3075 cincta
1201 3023 1364 3076 fuisse
1396 3023 1576 3083 comiS‚

353 3113 466 3146 esse
499 3113 654 3147 canes
684 3103 834 3147 utero
866 3094 964 3147 sub
995 3094 1238 3163 virginis,
1271 3112 1385 3146 esse
1419 3091 1774 3153 Chimaeram,

423 3184 454 3216 a
484 3174 636 3217 truce
662 3183 798 3232 quae
828 3165 1052 3216 flammis
1084 3173 1290 3234 separet
1321 3183 1495 3234 angue
1525 3164 1681 3224 leam,

269 3251 319 3289 15
351 3235 826 3304 quadrupedesque
856 3235 1080 3287 hominis
1113 3253 1234 3287 cum
1263 3243 1475 3303 pectore
1505 3242 1720 3303 pectora
1750 3233 1976 3296 iunctos,

421 3306 879 3375 tergeminumque
910 3305 1081 3356 virum
1111 3305 1568 3374 tergeminumque
1600 3322 1789 3356 canem

350 3347 697 3445 Sphingaque
729 3384 780 3428 et
810 3376 926 3427 Har
963 3394 1077 3443 yias
1109 3375 1605 3444 serpentipedesque
1638 3373 1902 3443 Gigantes

421 3447 882 3515 centimanumque
916 3394 1044 3516 (ἔχες
1010 3464 1112 3499 Ο’011
1145 3445 1572 3515 semibovemque
1604 3445 1793 3498 virum.
