2158 3906
560 329 909 377 FASTORUM
937 328 1059 375 LIB.
1089 329 1128 375 1.
1159 331 1400 376 556-640.
1766 319 1834 373 15

123 433 171 488 si
196 440 341 504 petat
369 451 402 486 a
430 431 607 496 victis,
640 442 716 485 tot
746 441 921 485 sumat
949 433 1164 486 nomina
1194 431 1410 496 Caesar,

193 511 322 573 quot
350 521 569 556 numero
599 512 784 573 gentes
815 503 1078 556 maximus
1109 503 1251 556 orbis
1282 503 1458 557 habet.
1865 520 1952 561 600

124 594 191 628 ex
219 591 325 627 uno
355 573 570 644 quidam
602 574 834 628 celebres
868 584 957 626 aut
987 574 1188 643 torquis
1219 575 1452 646 adempti

194 653 284 698 aut
313 645 455 697 corvi
485 645 663 697 titulos
695 644 962 697 auxiliaris
994 645 1215 709 habent3

121 714 348 787 Magne,
380 724 529 768 tuum
561 734 753 769 nomen
783 735 960 768 rerum
992 725 1071 768 est
1101 735 1350 770 mensura
1380 727 1614 771 tuarumz

194 785 285 840 sed
315 786 406 856 qui
437 795 488 839 te
519 786 670 850 vicit,
702 787 913 840 nomine
945 787 1113 839 maior
1143 797 1279 850 erat3

120 875 220 911 nec
248 857 445 927 gradus
478 866 556 910 est
587 876 748 941 supra
778 857 974 910 Fabios
1005 858 1331 928 cognominis
1362 858 1526 912 ullus:
1862 874 1948 915 605

192 928 282 981 illa
312 927 499 981 domus
531 929 729 982 meritis
760 929 1003 981 Maxima
1034 929 1173 982 dicta
1203 930 1328 982 suis.

121 998 214 1053 sed
245 1007 421 1052 tamen
452 998 695 1053 humanis
727 1000 1060 1053 celebrantur
1088 999 1374 1052 honoribus
1406 1018 1613 1054 omnes:

194 1069 279 1122 hic
310 1069 509 1123 socium
542 1089 747 1123 summo
779 1089 899 1123 cum
932 1070 1061 1124 Iove
1091 1089 1283 1124 nomen
1314 1071 1490 1124 habet.

24 1164 29 1207 η
121 1149 302 1195 sancta
331 1150 520 1194 voca-nt
553 1141 827 1211 ‘augusta'
859 1150 1058 1210 patres3
1092 1142 1369 1210 ‘augusta'
1403 1151 1660 1194 vocantur
1724 1205 1727 1208 ‚

191 1211 386 1282 templa
417 1212 745 1264 sacerdotum
779 1211 876 1264 rite
909 1211 1082 1263 dicata
1114 1230 1290 1263 manu.
1862 1228 1950 1268 610

118 1280 275 1336 huius
307 1291 359 1335 et
389 1282 668 1351 augurium
701 1281 962 1351 dependet
993 1281 1196 1350 origine
1227 1281 1393 1344 verbi,

191 1361 243 1407 et
272 1351 641 1421 quodcumque
673 1370 770 1404 sua
801 1351 863 1403 Iu
905 1351 1039 1421 piter
1068 1361 1230 1421 auget
1260 1369 1376 1422 ope.

118 1431 310 1494 augeat
338 1422 617 1492 imperium
647 1422 811 1475 nostri
881 1421 1016 1484 ucis,
1049 1433 1243 1492 augeat
1273 1441 1458 1486 annos,

119 1539 122 1542 .
187 1502 429 1569 protegat
459 1501 511 1546 et
542 1503 741 1546 vestras
771 1511 972 1562 querna
1002 1511 1197 1546 corona
1228 1493 1391 1546 fores:

117 1563 523 1635 auspicibusque
555 1563 666 1618 deis
697 1564 828 1617 tanti
858 1564 1187 1634 cognominis
1218 1563 1371 1617 heres
1859 1581 1946 1621 615

117 1695 123 1706 ,
189 1635 362 1689 omine
393 1634 666 1706 suscipiat,
697 1653 802 1706 quo
832 1644 1004 1705 pater,
1037 1635 1178 1688 orbis
1209 1653 1359 1688 onus.

116 1776 382 1848 Respiciet
411 1776 568 1829 Titan
601 1785 744 1829 actas
774 1777 865 1829 ubi
898 1778 1082 1830 tertius
1114 1777 1260 1841 Idus,
1624 1777 1699 1822 15·
1733 1776 1777 1823 G
1807 1778 1843 1821 C
1852 1777 1948 1820 AR

186 1847 314 1903 fient
341 1846 655 1900 Parrhasiae
687 1866 836 1901 sacra
866 1849 1030 1901 relata
1061 1849 1208 1902 deae.

114 1938 239 1973 nam
267 1917 415 1990 prius
445 1917 712 1971 Ausonias
743 1929 937 1973 matres
969 1930 1217 1989 carpenta
1247 1919 1511 1973 vehebant

188 1989 339 2056 (haec
368 2007 580 2059 quoque
610 1989 679 2042 ab
709 1989 949 2043 Euandri
981 1991 1121 2043 dicta
1150 2002 1367 2062 parente
1398 1995 1564 2057 reor);
1859 2007 1946 2046 620

43 2098 47 2102 -
114 2078 239 2114 mox
269 2059 437 2113 honor
455 2060 539 2126 *eri
578 2059 706 2122 itur,
735 2072 1082 2130 matronaque
1113 2062 1341 2115 destinat
1372 2062 1542 2114 omnis

188 2132 423 2202 ingratos
452 2131 543 2184 nul
567 2150 598 2184 a
626 2132 773 2201 prole
804 2150 999 2186 novare
1029 2133 1185 2186 viros.

117 2221 252 2257 neve
282 2202 430 2256 daret
459 2211 665 2273 partuS‚
696 2202 803 2255 ictu
835 2204 1112 2257 temeraria
1143 2222 1301 2256 caeco

187 2273 477 2327 visceribus
508 2290 746 2326 crescens
778 2274 1078 2327 excutiebat
1108 2293 1257 2327 onus.

113 2344 427 2416 corripuisse
457 2353 633 2415 patres
665 2364 819 2398 ausas
851 2345 1074 2397 immitia
1102 2356 1313 2415 nuptas,
1855 2363 1940 2402 625

63 2425 69 2430 ’
184 2416 265 2468 ius
295 2425 471 2468 tamen
502 2426 803 2486 exemptum
836 2417 1123 2470 restituisse
1155 2417 1347 2469 ferunt.

67 2486 342 2556 *binaque
372 2505 514 2539 nunc
545 2487 738 2558 pariter
767 2487 1046 2557 Tegeaeae
1078 2506 1227 2540 sacra
1256 2487 1462 2558 parenti

183 2575 278 2627 pro
309 2557 485 2628 pueris
519 2558 629 2611 fleri
659 2543 1059 2628 virginibusque
1090 2558 1291 2612 iubent.

115 2637 316 2682 scortea
345 2647 450 2681 non
480 2628 555 2681 illi
584 2629 665 2681 fas
697 2639 774 2682 est
804 2630 997 2683 inferre
1030 2630 1238 2693 sacel10‚

182 2718 250 2752 ne
280 2699 476 2753 violent
505 2718 665 2770 puros
696 2701 996 2753 exanimata
1026 2701 1188 2754 focos.
1854 2716 1941 2756 630

114 2769 158 2824 si
187 2770 305 2839 quis
335 2789 480 2823 amas
511 2779 712 2823 veteres
744 2771 898 2833 ritus,
931 2772 1125 2824 adsiste
1154 2771 1416 2841 precanti:

183 2842 397 2893 nomina
426 2840 682 2910 percipies
711 2860 816 2893 non
849 2843 944 2894 tibi
973 2852 1099 2894 nota
1125 2842 1288 2912 prius.

111 2909 356 2964 Porrima
384 2911 624 2981 placatur
651 2911 1060 2981 Postvertaque,
1092 2913 1203 2965 sive
1235 2931 1439 2965 sorores

184 2982 295 3035 sive
325 2983 486 3052 fugae
516 2983 756 3046 comiteS,
787 2984 1023 3036 Maenali
1053 2984 1200 3046 diva,
1230 2993 1370 3037 tuae.

113 3049 300 3116 altera,
332 3053 475 3122 quod
504 3071 659 3124 porro
689 3054 884 3116 fuerat,
916 3054 1166 3108 cecinisse
1197 3064 1439 3124 putatur:
1855 3071 1940 3110 635

185 3125 371 3187 altera,
403 3143 679 3177 versurum
711 3125 986 3195 postmodo
1017 3125 1269 3194 quicquid
1301 3135 1429 3178 erat.

116 3262 358 3319 Candida
386 3274 440 3320 te
467 3267 622 3319 niveo
652 3267 829 3336 posuit
857 3269 951 3320 lux
981 3267 1221 3337 proxima
1250 3267 1465 3337 templo,
1737 3265 1813 3310 16²·
1847 3267 1897 3308 H
1905 3266 1945 3308 C

187 3353 292 3405 qua
320 3336 423 3390 fert
453 3338 703 3391 sublimes
734 3339 842 3391 alta
870 3339 1092 3391 Moneta
1121 3338 1342 3408 gradus:

114 3424 256 3459 nunc
284 3406 426 3461 bene.
448 3408 733 3478 prospicies
763 3409 1002 3471 Latiam,
1036 3407 1359 3472 Concordia,
1391 3408 1626 3471 turbam3

186 3495 328 3531 nunc
357 3487 407 3532 te
438 3489 672 3532 sacratae
705 3480 1022 3534 constituere
1051 3498 1258 3533 manus·
1857 3494 1942 3532 640
