2158 3906
346 312 449 366 164
894 319 948 362 Ρ.
984 318 1190 364 OVIDII
1219 317 1490 364 NASONIS

346 445 495 478 rarus
527 425 593 476 ab
626 421 778 475 Italia
808 429 1011 472 tantum
1042 438 1185 472 mare
1216 420 1395 472 navita
1425 420 1626 483 transit,

419 496 569 548 litora
600 512 747 545 rarus
778 491 832 542 in
863 490 993 542 haec
1024 490 1280 572 portubus
1311 491 1439 543 orba
1469 491 1628 543 venit.

350 567 458 619 sive
490 575 664 616 tamen
697 561 906 614 Graeca
936 561 1110 614 scierit
1140 560 1249 614 sive
1278 561 1366 614 ille
1396 561 1594 614 Latina

263 657 317 695 40
420 653 547 687 voce
579 629 748 700 loqui,
781 640 920 685 certe
950 631 1149 701 gratior
1177 651 1304 684 usus
1335 632 1447 685 erit.

348 707 428 759 fas
458 722 670 773 quoque
702 703 769 754 ab
800 720 889 755 ore
919 702 1041 755 freti
1070 704 1366 772 longaeque
1396 703 1750 774 Propontidos
1780 703 1936 757 undis

418 777 521 827 huc
553 775 781 841 aliquem
813 782 955 826 certo
986 773 1104 826 vela
1134 773 1340 827 dedisse
1370 783 1512 826 noto,

349 846 584 915 quisquis
615 845 659 897 is
691 853 793 907 est,
823 844 1045 897 memori
1074 862 1339 897 rumorem
1370 863 1498 898 voce
1529 845 1724 899 referre

421 926 473 970 et
503 916 615 969 fieri
644 915 818 968 famae
849 932 1076 984 parsque
1106 915 1407 985 gradusque
1438 924 1624 985 potest.

263 1007 316 1045 45
349 989 416 1050 is,
448 1005 658 1056 precor,
690 986 896 1038 auditos
926 985 1092 1055 possit
1121 1005 1333 1039 narrare
1363 986 1655 1056 triumphos

421 1057 664 1111 Caesaris
697 1067 748 1110 et
778 1057 936 1109 Latio
966 1056 1171 1109 reddita
1204 1066 1329 1109 vota
1357 1057 1496 1110 Iovi:

348 1139 528 1197 teque,
558 1128 882 1189 rebellatrix,
914 1128 1151 1190 tandem,
1185 1126 1497 1190 Germania,
1530 1129 1711 1198 magni

420 1201 565 1252 triste
598 1208 756 1281 caput
788 1198 1012 1268 pedibus
1044 1199 1382 1269 supposuisse
1413 1199 1579 1252 duciS.

349 1270 479 1323 haec
508 1270 652 1322 mihi
668 1269 758 1338 qui
787 1269 1002 1332 referet,
1034 1287 1171 1352 quae
1201 1287 1308 1322 non
1338 1270 1530 1323 vidisse
1562 1270 1768 1333 dolebO,

265 1361 319 1400 50
420 1343 506 1394 ille
536 1360 684 1394 meae
717 1341 895 1392 domui
925 1341 1162 1411 protinus
1193 1340 1384 1423 hospes
1416 1341 1528 1394 erit.

351 1414 397 1465 ei
429 1412 624 1464 mihi!
611 1430 783 1464 lamne
816 1412 1003 1464 domus
1037 1411 1286 1481 Scythico
1317 1412 1590 1465 Nasonis
1575 1432 1630 1464 m
1661 1412 1787 1465 orbe
1818 1413 1928 1465 est?

420 1484 630 1551 iamque
662 1501 819 1535 suum
849 1481 977 1534 mihi
1007 1483 1098 1534 dat
1122 1501 1220 1552 pro
1251 1483 1393 1536 Lare
1424 1492 1562 1536 terra
1590 1483 1797 1536 locum?

351 1555 404 1606 di
434 1554 614 1615 facite,
647 1562 705 1605 ut
738 1551 938 1605 Caesar
967 1571 1073 1605 non
1103 1553 1188 1605 hic
1218 1554 1485 1623 penetrale
1517 1553 1855 1621 domumque,

420 1593 706 1694 hospitium
736 1642 937 1694 poenae
968 1624 1061 1677 sed
1092 1624 1215 1677 velit
1247 1643 1359 1678 esse
1390 1624 1562 1678 meae!

1115 1736 1280 1789 XIII.

352 1837 518 1890 Ecce
507 1854 886 1919 supervacuus
915 1865 988 1873 —
1016 1835 1144 1904 quid
1175 1837 1314 1888 enim
1344 1835 1445 1888 fuit
1475 1836 1601 1888 utile
1631 1837 1808 1889 nasci?
1836 1866 1909 1874 —

423 1908 490 1960 ad
521 1928 616 1961 sua
646 1907 851 1960 Natalis
882 1916 1120 1977 tempora
1149 1916 1326 1959 noster
1356 1907 1520 1959 adest.

272 2016 278 2017 ff
350 1979 503 2040 dure,
534 1978 663 2046 'quid
694 1979 762 2031 ad
791 1978 1008 2031 miseros
1040 1978 1287 2030 veniebas
1319 1978 1486 2030 exulis
1519 1979 1715 2030 annos?

422 2019 680 2102 debueras
711 2049 857 2101 illis
843 2049 1156 2118 1mposuisse
1187 2049 1420 2101 modum.

293 2138 317 2178 5
350 2120 395 2173 si
425 2120 519 2172 tibi
550 2139 676 2173 cura
705 2120 832 2183 mei,
864 2120 949 2173 vel
981 2120 1024 2172 si
1053 2120 1224 2190 pudor
1252 2120 1390 2172 ullus
1422 2119 1647 2184 adesset,

420 2210 528 2243 non
558 2192 694 2243 ultra
723 2190 949 2261 patriam
979 2210 1064 2244 me
1096 2209 1372 2259 sequerere
1403 2210 1599 2245 meam:

350 2280 560 2331 quoque
589 2263 705 2315 loco
736 2262 964 2332 primum
994 2261 1090 2314 tibi
1120 2281 1236 2315 sum
1269 2262 1403 2314 male
1435 2263 1676 2332 cognitus
1706 2262 1897 2325 infans,

421 2334 508 2384 illo
539 2342 848 2402 temptasses
879 2333 1094 2385 ultimus
1126 2352 1241 2386 esse
1271 2333 1421 2384 mihi:

351 2404 560 2471 iamque
590 2404 957 2472 relinquenda,
989 2404 1131 2471 quod
1159 2404 1300 2456 idem
1331 2404 1502 2456 fecere
1533 2403 1755 2466 sodaleS,

270 2494 320 2532 10
422 2484 479 2525 tu
510 2492 720 2542 quoque
753 2474 972 2527 dixisses
1003 2474 1163 2526 tristis
1192 2475 1247 2526 in
1276 2474 1406 2527 urbe
1438 2475 1570 2527 vale.

353 2546 478 2613 quid
509 2545 605 2596 tibi
635 2563 755 2597 cum
785 2545 991 2597 Ponto?
1020 2564 1148 2597 num
1179 2554 1230 2598 te
1261 2563 1471 2613 quoque
1505 2543 1748 2598 Caesaris
1779 2545 1857 2598 ira

424 2625 711 2668 extremam
741 2616 902 2686 gelidi
931 2616 1070 2667 misit
1099 2616 1152 2667 in
1183 2616 1323 2668 orbis
1354 2616 1604 2667 humum?

279 2699 281 2701 ’
353 2687 549 2739 scilicet
578 2697 825 2756 expectas
858 2687 993 2738 soliti
1024 2687 1119 2738 tibi
1148 2687 1306 2739 moris
1338 2686 1605 2749 honorem,

422 2758 649 2826 pendeat
679 2777 745 2810 ex
774 2758 967 2810 umeris
1000 2758 1158 2810 vestis
1189 2767 1246 2810 ut
1277 2758 1396 2810 alba
1427 2758 1572 2820 meis,

270 2848 319 2885 15
352 2828 556 2880 fumida
588 2829 829 2898 cingatur
859 2829 1164 2881 florentibus
1196 2848 1286 2911 ara
1317 2829 1537 2887 coronis,

423 2899 663 2967 micaque
673 2873 935 2952 a>sollemni
966 2899 1094 2951 turis
1126 2900 1181 2951 in
1210 2900 1333 2969 igne
1364 2910 1528 2962 sonet,

350 2970 564 3038 libaque
596 2970 1003 3052 deproperemt³
973 2971 1200 3024 genitale
1229 2971 1464 3024 notantia
1493 2981 1717 3041 tempus,

425 3042 821 3111 concipiamque
852 3042 1017 3094 bonas
1048 3060 1137 3095 oie
1167 3041 1378 3095 favente
1409 3044 1622 3112 preces?

351 3130 459 3163 non
488 3112 563 3164 ita
594 3132 711 3164 sum
742 3113 966 3182 positus,
997 3131 1095 3165 nec
1126 3122 1245 3165 sunt
1278 3133 1342 3165 ea
1369 3122 1605 3183 tempora
1635 3112 1801 3174 nobis,

269 3200 322 3240 20
425 3183 656 3235 adventu
686 3184 883 3253 poss-im
912 3184 1080 3235 laetus
1110 3192 1168 3235 ut
1200 3203 1311 3237 esse
1342 3194 1448 3236 tuo.

352 3253 551 3305 funeris
584 3273 675 3313 ara
705 3254 856 3315 mihi,
888 3254 1038 3306 ferali
1069 3253 1239 3306 cincta
1269 3273 1535 3323 cupressU,

425 3324 669 3376 convenit
699 3333 750 3376 et
781 3324 987 3375 structis
1018 3324 1231 3377 flamma
1259 3335 1443 3393 parata
1472 3324 1629 3394 rogis.

354 3414 452 3448 nec
484 3394 607 3445 dare
641 3403 757 3446 tur-a
786 3394 914 3447 libet
943 3394 1014 3446 nil
1046 3395 1315 3447 exorantia
1347 3395 1511 3457 divos,

424 3466 479 3517 in
510 3465 666 3518 tantis
698 3465 924 3519 subeunt
954 3484 1051 3520 nec
1082 3465 1219 3518 bona
1250 3466 1410 3519 verba
1440 3465 1607 3518 malis.
