2158 3906
397 298 465 351 66
955 307 1009 349 Ρ.
1042 306 1267 351 OVIDII·
1277 305 1548 352 NASONIS

469 410 582 479 figit
613 420 664 463 et
693 410 786 461 hos
819 408 925 466 edit
956 407 1096 461 crine
1126 407 1329 461 iacente
1361 425 1540 460 sonos:

401 480 715 550 “suppliciS,
748 480 908 539 alma,
940 487 1086 541 tuae,
1116 478 1356 548 genetrix
1385 478 1614 532 fecunda
1644 480 1883 543 deorum,

287 568 368 606 320
472 551 649 620 accipe
681 550 779 602 sub
811 557 953 601 certa
983 549 1289 603 condicione
1319 567 1519 620 preces.

400 631 543 674 casta
572 638 752 689 negor.
827 619 871 671 si
900 627 958 671 tu
990 619 1233 683 damnaS‚
1263 620 1518 673 meruisse
1547 619 1776 674 fatebor:

469 701 635 743 morte
665 692 808 742 luam
838 707 1035 759 poenas
1066 690 1238 744 iudice
1269 691 1409 744 victa
1439 691 1554 743 dea.

400 762 491 815 sed
523 761 565 813 si
597 761 793 814 crimen
823 760 996 822 abest,
1028 770 1086 814 tu
1115 770 1325 814 nostrae
1355 762 1577 831 pignora
1606 761 1748 815 vitae

470 851 525 885 re
557 831 705 883 dabis
737 840 788 884 et
819 840 989 884 cast-as
1020 841 1164 884 casta
1194 850 1414 900 sequere
1444 832 1680 884 manuS.”

286 919 366 957 325
400 902 553 964 dixit,
587 911 637 955 et
666 902 859 972 exiguo
889 902 1071 956 funem
1103 903 1376 955 conamine
1406 902 1576 955 traxit.
1640 904 1643 905 ⁷

472 973 627 1035 mira,
659 973 752 1026 sed
782 981 976 1026 eventu
1006 973 1282 1027 testificata
1311 974 1519 1041 loquar:

399 1053 542 1096 mota
572 1045 671 1097 dea
701 1053 779 1096 est
809 1044 1150 1112 sequiturque
1180 1044 1370 1097 ducem
1399 1043 1686 1113 laudatque
1718 1046 2010 1115 sequendo.

470 1115 630 1167 index
659 1114 886 1168 laetitiae
917 1114 1084 1168 fertur
1111 1115 1167 1167 in
1197 1123 1338 1168 astra
1367 1133 1543 1179 sonus,

399 1186 628 1238 fluminis
659 1186 727 1237 ad
757 1186 953 1238 flexum
983 1186 1224 1248 veniunt,
1253 1216 1325 1223 ——-
1353 1185 1606 1239 Tiberina
1634 1186 1832 1256 priores

288 1272 370 1312 330
471 1256 603 1309 atria
633 1256 878 1310 dixerunt
905 1286 978 1294 -
1005 1257 1147 1310 unde
1177 1256 1385 1310 sinister
1413 1256 1539 1309 abit.

400 1346 506 1380 nox
537 1327 738 1381 aderat:
772 1345 971 1396 querno
1001 1327 1226 1397 religant
1254 1327 1308 1380 in
1340 1327 1515 1397 stipite
1544 1326 1727 1380 funem

472 1399 701 1466 dantque
731 1398 835 1451 levi
865 1416 1049 1451 somno
1080 1416 1299 1468 corpora
1329 1398 1511 1451 functa
1541 1398 1674 1451 cibo,

399 1470 492 1522 lux
522 1469 724 1522 aderat:
756 1487 957 1537 querno
987 1468 1197 1522 solvunt
1227 1488 1259 1521 a
1289 1469 1463 1539 stipite
1494 1469 1699 1531 funem3

473 1549 592 1593 ante
622 1549 797 1593 tamen
827 1540 997 1609 posito
1029 1549 1147 1593 tura
1177 1540 1368 1593 dedere
1399 1540 1533 1593 foco·

288 1626 369 1664 335
401 1620 521 1664 ante
552 1620 855 1663 coronatam
885 1630 1117 1681 puppem
1148 1611 1259 1664 sine
1289 1611 1408 1664 labe
1437 1611 1717 1664 iuvencam

473 1691 768 1734 mactarunt
798 1700 1017 1751 operum
1048 1682 1383 1752 coniugiique
1413 1682 1615 1735 rudem.

402 1762 480 1805 est
509 1753 679 1814 locuS‚
710 1752 764 1805 in
793 1752 1030 1806 Tiberim
1059 1771 1166 1820 qua
1194 1752 1426 1805 lubricus
1455 1753 1627 1805 influit
1656 1753 1822 1806 Almo

474 1834 525 1876 et
553 1841 746 1876 nomen
775 1841 968 1893 magno
999 1824 1171 1893 perdit
1200 1823 1255 1876 in
1285 1843 1438 1876 amne
1468 1824 1655 1876 minor.

400 1894 506 1946 illic
537 1913 803 1964 purpurea
832 1913 994 1947 canus
1025 1912 1147 1947 cum
1178 1903 1323 1948 veste
1354 1895 1598 1954 sacerdos

287 1979 370 2018 340
472 1964 717 2017 Almonis
748 1963 1014 2017 dominam
1046 1983 1300 2034 sacraque
1329 1965 1457 2017 lavit
1487 1966 1654 2033 aquis·

402 2036 672 2088 exululant
702 2035 942 2098 comites,
972 2036 1275 2104 furiosaque
1304 2035 1433 2088 tibia
1462 2036 1635 2099 fiatur,

473 2115 524 2158 et
553 2106 749 2158 feriunt
779 2106 962 2159 molles
992 2115 1175 2159 taurea
1204 2117 1355 2176 terga
1384 2125 1588 2159 manus.
1616 2125 1618 2127 ·

404 2175 630 2230 Claudia
659 2177 927 2246 praecedit
954 2177 1093 2231 laeto
1124 2177 1463 2231 celeberrima
1492 2177 1656 2240 voltu,

473 2247 669 2301 credita
699 2247 788 2300 vix
817 2248 1030 2301 tandem
1059 2257 1191 2302 teste
1219 2248 1413 2318 pudica
1443 2248 1557 2302 dea.

288 2334 368 2373 345
401 2318 514 2388 ipsa
545 2318 732 2372 sedens
762 2320 995 2388 plaustro
1025 2328 1177 2388 porta
1206 2327 1285 2373 est
1313 2319 1522 2372 invecta
1554 2317 1796 2389 Capena:

473 2398 794 2459 sparguntur
821 2390 1030 2442 iunctae
1060 2390 1187 2443 flore
1217 2399 1424 2443 recente
1454 2390 1634 2442 boves.

401 2460 596 2512 Nasica
625 2460 843 2529 accepit.
917 2460 1231 2530 templinon
1261 2460 1486 2530 perstitit
1514 2471 1720 2512 auctor:

474 2531 753 2599 Augustus
782 2549 923 2584 nunc
953 2541 1055 2593 est3
1086 2540 1208 2585 ante
1237 2531 1488 2585 Metellus
1520 2531 1661 2584 erat.’

403 2601 634 2654 substitit
662 2600 747 2654 hic
777 2600 958 2655 Erato,
1031 2620 1179 2655 mora
1207 2602 1290 2664 fit,
1322 2602 1365 2654 si
1395 2611 1569 2655 cetera
1598 2619 1870 2670 quaeram.

288 2690 371 2727 350
475 2672 620 2734 ‘dic,’
653 2671 867 2740 inquam
898 2679 1086 2742 ‘parva
1116 2691 1210 2726 cur
1240 2673 1373 2743 stipe
1404 2682 1623 2741 quaerat
1651 2673 1830 2743 opes?'

404 2743 649 2795 ‘contulit
678 2762 766 2796 aes
796 2743 1049 2813 populus,
1082 2743 1147 2797 de
1177 2761 1283 2813 quo
1314 2743 1536 2797 delubra
1564 2744 1815 2797 Met-ellus
2092 2763 2114 2790 Δ

473 2813 620 2865 fecit'
653 2814 740 2866 ait.
815 2813 1044 2868 ‘dandae
1074 2832 1188 2867 mos
1220 2814 1369 2884 stipis
1396 2814 1521 2868 inde
1550 2815 1760 2868 manet.’

403 2902 496 2937 cur
525 2884 725 2937 vicibus
756 2884 908 2938 factis
941 2885 1120 2938 ineant
1151 2885 1416 2948 convivia,
1447 2903 1661 2954 quaem,

473 2964 599 3007 tunc
629 2955 823 3025 magis,
853 2956 1076 3010 indictas
1107 2956 1578 3025 concelebrentque
1608 2957 1785 3026 dapes-

290 3042 369 3081 355
404 3026 570 3094 ‘quod
600 3026 733 3079 bene
763 3027 976 3079 mutarit
1005 3027 1184 3080 sedem
1214 3027 1571 3097 Berecyntia,’
1603 3027 1734 3080 dixit

476 3102 714 3165 ‘captant
742 3098 956 3150 mutatis
988 3098 1201 3151 sedibus
1232 3115 1387 3150 omen
1417 3098 1592 3151 idem.'

402 3167 715 3229 institeram,
746 3185 908 3235 quare
938 3168 1094 3237 primi
1123 3168 1454 3237 Megalensia
1482 3168 1595 3220 ludi

473 3237 603 3290 urbe
634 3237 806 3290 forent
835 3248 1036 3290 nostra:
1067 3256 1190 3290 cum
1220 3238 1320 3291 dea
1348 3267 1419 3276 ———-
1449 3239 1610 3291 sensit
1640 3239 1779 3292 enim
1807 3269 1884 3278 --

405 3308 515 3359 ‘illa
546 3307 691 3360 deos'
722 3308 891 3376 inquit
922 3309 1163 3377 ‘peperit.
1238 3326 1441 3362 cessere
1470 3310 1691 3378 parenti,

319 3395 402 3435 360
474 3378 892 3447 principiumque
924 3379 1032 3431 dati
1061 3379 1239 3432 Mater
1268 3379 1480 3432 honoris
1510 3379 1703 3433 habet.’

405 3454 522 3502 ‘cur
550 3448 712 3519 igitur
743 3447 950 3512 Gallos,
982 3449 1073 3518 qui
1103 3468 1158 3504 se
1189 3450 1455 3514 excidere,
1486 3468 1755 3514 vocamuS‚
