2158 3906
403 263 473 318 56
964 273 1019 317 Ρ.
1052 273 1267 350 ovum⁴
1288 274 1561 320 NASONIS

292 396 374 437 775
407 396 500 432 seu
530 377 655 445 quia
684 385 742 428 tu
773 383 923 444 pater
953 393 1032 436 es,
1066 384 1244 444 pat-res
1276 394 1372 428 sua
1401 376 1648 446 pignora,
1680 386 1855 442 natOS,

479 447 851 501 commendant
881 463 1038 498 curae
1066 445 1478 514 numinibusque
1509 448 1637 499 tuis:

407 519 541 580 sive,
573 517 717 585 quod
748 534 803 567 es
834 515 1024 577 Liber,
1057 516 1216 569 vestis
1248 534 1459 586 quoque
1487 517 1654 570 libera
1684 537 1779 588 per
1807 526 1863 572 te

479 588 703 641 sumitur
733 595 784 638 et
813 585 952 638 vitae
981 586 1237 639 liberioris
1266 588 1381 641 iter.

406 680 473 712 an
505 658 652 727 quia,
686 675 807 709 cum
838 656 1068 723 colerent
1098 658 1257 728 prisci
1286 658 1571 712 studiosius
1603 677 1776 729 agros,

291 748 373 788 '780
476 738 524 783 et
555 729 754 780 faceret
784 727 954 796 patrio
985 747 1106 781 rure
1137 737 1348 781 senator
1377 747 1527 799 opUS,

404 808 456 853 et
487 807 697 868 caperet
727 798 899 850 fasces
931 818 963 850 a
993 817 1155 851 curvo
1186 801 1369 852 consul
1399 810 1590 864 aratrO,

472 888 572 922 nec
604 869 800 921 crimen
833 869 989 921 duras
1023 879 1161 923 esset
1189 870 1384 923 habere
1414 890 1620 934 manus,

401 940 628 994 rusticus
661 939 729 991 ad
758 940 911 992 ludos
941 941 1169 1010 populus
1200 941 1446 994 veniebat
1475 942 1531 994 in
1559 942 1779 995 urbem?

475 1011 568 1064 sed
599 1010 703 1071 dis,
734 1029 842 1063 non
871 1011 1057 1064 studiis
1086 1012 1175 1064 ille
1206 1012 1431 1064 dabatur
1459 1012 1643 1065 honor.

289 1099 370 1140 785
401 1082 519 1136 luce
550 1101 646 1134 sua
675 1082 828 1134 ludos
859 1101 996 1135 uvae
1027 1092 1351 1136 commentor
1379 1083 1627 1146 habebat,

474 1171 605 1221 quos
638 1171 759 1205 cum
790 1153 1046 1206 taedifera
1074 1172 1215 1206 nunc
1245 1154 1406 1207 habet
1435 1154 1523 1207 ille
1554 1155 1670 1207 dea.

402 1243 529 1294 ergo
560 1232 619 1275 ut
649 1224 873 1276 tironem
904 1224 1169 1278 celebrare
1200 1225 1496 1293 frequentia
1525 1234 1720 1295 posset,

473 1295 587 1347 visa
617 1294 727 1347 dies
760 1295 965 1348 dandae
995 1314 1101 1348 non
1133 1296 1303 1349 aliena
1332 1306 1505 1365 togae.

400 1366 526 1418 mite
559 1374 743 1435 caput,
773 1374 948 1435 pater,
980 1366 1085 1419 huc
1114 1368 1428 1436 placataque
1460 1385 1658 1420 cornua
1688 1376 1864 1421 vertas
1932 1402 1934 1404 -

288 1452 370 1492 790
474 1445 526 1489 et
557 1437 648 1489 des
678 1436 890 1506 ingenio
920 1438 1039 1490 vela
1069 1438 1301 1491 secunda
1331 1438 1473 1491 meo!

399 1507 506 1560 itur
537 1507 604 1559 ad
633 1507 844 1576 Argeos
874 1538 948 1545 —
975 1508 1066 1576 qui
1097 1509 1224 1572 sint,
1257 1528 1352 1561 sua
1381 1509 1577 1579 pagina
1609 1510 1746 1562 dicet
1774 1538 1850 1547 —-

471 1578 596 1641 hac,
630 1578 674 1629 si
704 1579 1063 1641 commemini,
1094 1580 1482 1649 praeteritaque
1513 1581 1614 1633 die.

402 1649 554 1702 stella
584 1649 919 1718 Lycaoniam
944 1650 1114 1720 vergit
1146 1651 1361 1703 declivis
1394 1651 1460 1702 ad
1491 1652 1696 1703 Arcton

471 1720 701 1772 Miluus:
733 1720 864 1773 hacc
894 1721 983 1773 illa
1012 1731 1165 1774 nocte
1196 1722 1425 1774 videnda
1455 1722 1613 1774 venit.

287 1806 369 1848 795
400 1791 530 1860 quid
561 1791 763 1843 dederit
794 1792 1017 1854 volucri,
1049 1792 1094 1844 si
1124 1793 1202 1845 vis
1234 1810 1576 1861 cognoscere,
1609 1791 1837 1845 caelum:

474 1860 736 1915 Saturnus
766 1862 942 1931 regnis
974 1882 1006 1915 a
1035 1863 1163 1915 Iove
1194 1865 1378 1932 pulsus
1410 1873 1521 1916 erat
1531 1884 1566 1926 3.

401 1932 626 1985 concitat
655 1932 818 1984 iratus
850 1933 1050 1986 validos
1080 1934 1299 1986 Titanas
1329 1934 1384 1986 in
1416 1953 1578 1997 arma,

470 2020 712 2071 quaeque
743 2003 844 2055 fuit
873 2003 995 2056 fatis
1027 2005 1228 2068 debita,
1260 2014 1483 2075 temptat
1514 2024 1690 2075 opem.

398 2084 565 2126 matre
597 2082 740 2126 satus
772 2074 962 2137 Terr'a,
993 2085 1286 2128 monstrum
1316 2076 1581 2140 mirabile,
1611 2086 1794 2130 taurus

284 2160 367 2201 800
468 2153 616 2214 parte
648 2144 730 2196 sui
761 2164 975 2215 serpens
1005 2147 1293 2216 posteriore
1323 2147 1441 2200 fuit.

396 2215 538 2268 hunc
567 2215 761 2285 triplici
790 2219 940 2269 inuro
969 2217 1102 2270 lucis
1131 2218 1416 2271 incluserat
1446 2219 1571 2272 atris

468 2286 760 2339 Parcarum
789 2287 993 2340 monitu
1024 2287 1162 2357 Styx
1191 2289 1423 2342 violenta
1453 2290 1628 2342 trium.

397 2357 601 2409 viscera
631 2357 722 2425 qui
752 2358 889 2410 tauri
918 2359 1142 2411 flammis
1173 2360 1432 2413 adolenda
1463 2361 1709 2423 dedisset,

470 2446 581 2480 sors
612 2437 744 2495 erat,
777 2438 1016 2481 aeternos
1047 2430 1256 2484 vincere
1286 2449 1443 2500 posse
1475 2431 1615 2485 deos

284 2511 366 2552 805
396 2498 632 2551 immolat
662 2497 804 2551 hunc
834 2498 1085 2553 Briareus
1114 2501 1256 2554 facta
1286 2521 1352 2555 ex
1382 2502 1662 2555 adamante
1694 2502 1882 2566 securi,

470 2578 521 2622 et
550 2569 762 2621 iamiam
791 2570 1016 2623 flammis
1047 2581 1168 2624 exta
1199 2572 1418 2625 daturus
1449 2583 1576 2626 erat..

395 2640 637 2709 Iuppiter
667 2641 878 2693 alitibus
908 2660 1091 2711 rapere
1121 2643 1369 2712 imperat:
1403 2645 1577 2697 attulit
1606 2644 1680 2697 illi

450 2711 662 2763 vmiluus
694 2720 744 2764 et
774 2711 973 2765 meritis
1004 2713 1147 2766 venit
1175 2714 1230 2767 in
1261 2724 1402 2768 astra
1433 2716 1558 2768 suis.

393 2851 520 2905 Una
551 2853 662 2906 dies
692 2854 867 2906 media
897 2863 1000 2918 est,
1033 2864 1084 2908 et
1113 2855 1246 2908 fiunt
1276 2874 1424 2910 sacra
1453 2856 1748 2919 Minervae,
1909 2856 1984 2900 18·
2014 2857 2061 2900 Ε
2067 2856 2110 2902 0

278 2938 363 2979 810
464 2924 781 2993 nominaque
812 2945 844 2977 a
872 2925 1061 2978 iunctis
1092 2927 1326 2996 quinque
1357 2928 1544 2981 diebus
1574 2928 1786 2981 habent.
1904 2913 1978 2956 19·
2008 2915 2052 2956 F

393 2995 650 3065 sanguine
673 2996 843 3064 prima
866 3006 1035 3059 vacat,
1066 3016 1164 3050 nec
1187 2998 1268 3050 fas
1293 3017 1602 3052 concurrere
1626 2999 1783 3053 ferro,
1843 2971 1878 3020 Q
1896 2968 2108 3070 {OINGIg

464 3084 647 3128 causa,
678 3067 822 3134 quod
852 3077 931 3120 est
959 3068 1049 3120 illa
1078 3078 1202 3121 nata
1230 3069 1478 3122 Minerva
1508 3070 1608 3123 die.
1900 3083 1977 3126 21.
2008 3083 2061 3126 H
2065 3082 2107 3126 0

317 3150 325 3181 Γ
393 3135 556 3189 altera
586 3146 795 3205 tresque
827 3157 985 3208 super
1013 3158 1132 3191 rasa
1162 3139 1492 3192 celebrantur
1521 3140 1734 3194 harena.
1887 3139 1968 3183 22·
1997 3135 2123 3182 AN

464 3207 676 3260 ensibus
708 3209 925 3262 exsertis
956 3209 1145 3261 bellica
1174 3211 1310 3262 laeta
1342 3211 1442 3263 dea
1472 3220 1566 3263 est.

275 3293 358 3333 815
389 3277 615 3329 Pallada
643 3296 783 3330 nunc
812 3278 962 3347 pueri
993 3288 1307 3348 teneraeque
1338 3290 1482 3333 ora-te
1512 3282 1744 3350 puellae:

461 3348 553 3415 qui
585 3348 718 3401 bene
747 3349 967 3417 placarit
994 3349 1239 3411 Pallada,
1271 3351 1455 3403 doctus
1487 3352 1599 3405 erit.

385 3419 608 3473 Pallade
638 3419 845 3489 placata
874 3420 1050 3474 lanam
1079 3420 1280 3475 mollire
1310 3421 1517 3491 puellae
