2158 3906
571 331 920 380 FASTORUM
948 332 1069 378 LIB.
1102 332 1159 378 V.
1191 331 1401 378 51—137.
1772 320 1841 374 83

137 453 240 507 quo
270 442 550 506 postquam
580 443 794 487 ventum
828 444 928 498 est,
962 433 1333 488 “consistitel'’
1365 432 1603 504 praescia
1631 442 1799 487 mater
1870 448 1926 489 95

201 510 371 561 .“nam
400 505 546 558 locus
577 505 781 575 imperii
811 525 899 558 rus
931 506 1027 558 erit
1057 505 1237 558 istud’'
1269 505 1358 558 ait.

137 586 186 630 et
215 575 370 629 matri
401 584 453 629 et
483 575 590 628 vati
621 586 771 645 paret
800 576 1097 629 Nonacrius
1128 575 1282 629 heros

204 647 364 716 inque
395 646 673 716 peregrina
703 647 934 700 constitit
963 647 1155 717 hospes
1185 646 1364 700 humo·

135 735 386 786 sacraque
416 717 584 773 multa
613 717 850 786 quidem,
884 718 976 771 sed
1005 718 1179 770 Fauni
1209 718 1378 789 prima
1407 717 1638 772 bicornis

203 787 299 841 has
330 787 508 840 docuit
576 798 721 842 entes
753 788 1077 858 alipedisque
1110 788 1210 842 dei.
1873 804 1956 845 100

133 858 444 929 semicaper,
477 806 661 912 coleris
693 859 959 921 cinctutis,
991 860 1202 923 Faune,
1234 859 1513 930 Lupercis,

204 948 325 983 cum
355 930 581 984 lustrant
611 930 841 984 celebres
873 931 1067 984 vellera
1098 940 1240 984 secta
1269 931 1399 984 vias.

132 1009 186 1054 at
216 1009 274 1054 tu
305 1010 541 1055 materno
574 1001 779 1054 donasti
810 1002 1021 1055 nomine
1059 1021 1310 1064 mensem,

202 1071 444 1125 inventor
474 1090 690 1135 curvae,
721 1072 926 1126 furibus
957 1082 1101 1143 apte,
1132 1072 1268 1125 fidis.

129 1161 228 1196 nec
258 1143 423 1212 pietas
453 1141 585 1196 haec
614 1143 784 1212 prima
814 1153 905 1197 tua
936 1154 1038 1196 est:
1071 1152 1287 1213 septena
1317 1143 1534 1213 putaris,
1870 1158 1952 1198 105

199 1212 480 1267 Pleiadum
510 1233 812 1275 numerum,
843 1214 931 1267 fila
962 1213 1168 1267 dedisse
1199 1213 1378 1283 lyrae.'

128 1282 259 1337 haec
289 1301 500 1352 quoque
531 1284 776 1336 desierat:
808 1285 1022 1337 laudata
1052 1293 1131 1337 est
1162 1303 1289 1337 voce
1321 1300 1576 1336 sororum.

199 1353 328 1422 quid
344 1353 579 1410 jfaciam?
610 1354 796 1407 turbae
826 1374 947 1425 pars
978 1354 1134 1407 habet
1167 1354 1335 1407 omnis
1366 1354 1524 1407 idem.

10 1397 36 1477 ἶ,
127 1425 297 1496 gratia
325 1423 599 1479 Pieridum
628 1425 1100 1494 nobis‘aequaliter
1130 1425 1284 1487 adsit,

197 1495 444 1564 nullaque
474 1495 719 1549 laudetur
749 1496 933 1566 plusve
966 1496 1206 1549 minusve
1238 1494 1381 1548 mihi.
1868 1514 1952 1555 110

125 1637 218 1692 Ab
242 1637 368 1691 Iove
394 1645 575 1720 surgat
598 1655 745 1708 opus.
778 1638 947 1708 prima
971 1638 1098 1691 mihi
1122 1648 1276 1692 nocte
1300 1637 1529 1692 videnda
1558 1637 1598 1681 1·
1624 1636 1948 1695 [Λ·Κ·ΜΛῙ·

197 1708 346 1762 stella
376 1717 455 1762 est
483 1727 538 1762 1n
569 1726 731 1762 cunas
761 1709 998 1763 officiosa
1030 1709 1190 1762 Iovis·
1638 1694 1720 1738 Μ’
1737 1696 1889 1752 Hm]

125 1779 357 1832 nascitur
387 1777 610 1834 Oleniae
640 1780 850 1850 signum
881 1780 1109 1851 pluviale
1142 1779 1420 1850 Capellae:

196 1850 285 1913 illa
314 1847 421 1903 dati
451 1850 655 1904 caelum
686 1851 919 1921 praemia
945 1851 1096 1904 lactis
1128 1851 1301 1904 habet.

123 1919 255 1974 Nais
286 1920 592 1983 Amalthea,
625 1919 852 1975 Cretaea
881 1922 1071 1987 nobilis
1101 1923 1217 1985 Ida,
1865 1941 1951 1980 115

198 1991 386 2045 dicitur
414 1992 468 2044 in
498 1992 642 2045 silvis
672 1993 963 2046 occuluisse
993 1993 1194 2046 Iovem.

123 2060 249 2115 huic
278 2062 379 2115 fuit
406 2063 696 2116 haedorum
724 2072 891 2117 mater
919 2060 1151 2117 formosa
1182 2064 1423 2127 duorum,

197 2133 332 2186 inter
362 2132 612 2187 Dictaeos
645 2135 1014 2204 conspicienda
1043 2154 1251 2205 greges,

126 2203 372 2257 cornibus
402 2205 555 2257 ae'riis
585 2214 743 2274 atque
772 2205 826 2258 in
857 2225 952 2259 sua
982 2215 1132 2275 terga
1161 2205 1411 2269 recurvis,

195 2274 382 2338 ubere,
414 2275 553 2344 quod
585 2276 763 2329 nutrix
792 2289 968 2346 posset
998 2276 1193 2330 habere
1222 2276 1383 2328 Iovis,
1862 2296 1950 2337 120

70 2382 74 2389 ·
123 2345 206 2400 lac
236 2345 395 2399 dabat
424 2345 514 2399 illa
544 2346 666 2409 deo;
686 2347 791 2401 ‘sed
820 2347 979 2417 fregit
1007 2347 1063 2400 in
1093 2347 1279 2400 arbore
1311 2365 1475 2400 cornu

195 2426 484 2486 truncaque
515 2417 731 2472 dimidia
759 2427 907 2488 parte
939 2418 1141 2472 decoris
1172 2427 1298 2472 erat.

63 2511 66 2513 ’
125 2487 334 2541 sustulit
362 2487 462 2541 hoc
490 2488 722 2559 nymphe
754 2489 1019 2558 cinxitque
1048 2489 1347 2543 recentibus
1378 2488 1555 2543 herbis

195 2567 246 2612 et
312 2559 490 2612 lenum
518 2559 688 2630 pomis
719 2560 788 2613 ad
816 2561 960 2613 Iovis
991 2579 1082 2614 ora
1111 2560 1246 2613 tulit.

122 2629 209 2684 ille
238 2648 274 2682 u
313 2629 330 2682 i
359 2649 442 2684 res
473 2630 606 2684 caeli
634 2631 800 2685 tenuit
832 2631 1067 2701 solioque
1097 2641 1319 2703 paterno
1860 2651 1945 2691 125

195 2700 351 2764 sedit,
383 2709 434 2764 et
462 2700 658 2755 invicto
687 2702 761 2755 nil
790 2702 920 2756 Iove
949 2702 1120 2756 maius
1152 2712 1282 2766 erat,

125 2770 294 2824 sidera
324 2770 605 2836 nutricem,
636 2772 853 2826 nutricis
883 2774 1054 2827 fertile
1086 2792 1249 2827 cornu

193 2842 339 2896 fecit:
371 2843 513 2911 quod
543 2843 786 2897 dominae
815 2862 956 2897 nunc
986 2862 1197 2913 quoque
1226 2862 1419 2897 nomen
1447 2844 1627 2899 habet.
1652 2875 1731 2887 —

122 2912 472 2966 Praestitibus
502 2913 682 2967 Maiae
713 2915 944 2968 Laribus
974 2915 1153 2968 videre
1183 2915 1462 2968 Kalendae

194 3003 338 3037 aram
370 2984 615 3037 constit-ui
644 3003 914 3055 parvaque
946 2985 1098 3056 signa
1128 2985 1302 3039 deum.
1860 3005 1946 3046 130

123 3064 338 3125 voverat
367 3054 700 3124 illa.quidem
731 3054 951 3110 Curius:
983 3057 1077 3110 sed
1105 3057 1266 3128 longa
1294 3065 1528 3111 vetustas

196 3125 438 3189 destruit,
469 3136 521 3180 et
553 3146 680 3180 saxo
709 3127 871 3198 longa
900 3137 1111 3181 senecta
1141 3138 1310 3182 nocet..

126 3213 283 3249 causa
313 3206 487 3251 tamen
517 3198 672 3268 positi
702 3198 875 3252 fuerat
906 3199 1234 3282 cognominis
1263 3199 1381 3262 illis,

196 3267 336 3337 quod
365 3278 632 3338 praestant
662 3269 826 3323 oculis
859 3288 1034 3323 omma
1064 3279 1178 3324 tuta
1208 3271 1333 3324 suis.

127 3345 265 3390 stant
292 3356 501 3408 quoque
532 3359 626 3411 pro
655 3342 807 3394 nobis
839 3350 891 3395 et
919 3351 1171 3412 praesunt
1198 3342 1475 3396 moenibus
1507 3343 1652 3397 urbis
1858 3363 1942 3402 135

198 3418 249 3462 et
278 3419 399 3462 sunt
427 3420 728 3481 praesentes
760 3412 1119 3482 auxiliumque
1148 3413 1342 3468 ferunt.

127 3486 182 3531 at
211 3480 352 3533 canis
383 3490 502 3536 ante
532 3483 694 3553 pedes
725 3502 852 3538 saxo
882 3484 1167 3539 fabricatus
1199 3485 1384 3540 eodem

1487 3569 1543 3611 G*
