2158 3906
509 305 858 353 PASTORUM
887 305 1007 351 LIB.
1041 306 1076 350 1.
1109 306 1351 351 382-467.
1721 293 1784 345 11

68 410 70 414 ’
151 426 403 494 suspenso
435 407 611 478 digitis
642 408 744 461 fert
773 407 1033 460 taciturna
1062 407 1248 477 gradu.

36 499 43 510 ¹
76 490 140 538 ut
166 479 336 552 tetigit
364 478 549 532 niveae
581 487 781 531 secreta
811 477 1004 531 cubilia
1035 478 1315 548 nymphae,

149 552 265 636 ipsa
295 550 376 604 sui
405 550 561 603 flatus
591 568 657 602 ne
689 558 839 601 sonet
868 567 1019 610 aura,
1052 560 1217 602 cavet.

28 686 29 691 ¹
74 630 135 680 et
159 640 278 689 lam„
294 620 514 676 finitima
544 638 734 690 corpus
765 619 988 672 librabat
1021 620 1073 672 in
1107 619 1294 673 herba:

147 692 238 747 illa
267 701 444 746 tamen
473 690 624 744 multi
654 691 811 761 plena
842 690 1042 760 soporis
1075 700 1201 743 erat.
1814 706 1900 745 430

22 776 29 831 j
74 762 275 837 gaudet
305 771 379 826 et,
410 781 442 817 a
470 761 694 833 pedibus
724 770 891 814 tracto
923 762 1206 825 velamine,
1241 771 1363 814 vota

27 891 29 895 f
149 833 217 888 ad
247 852 343 887 sua
371 833 512 887 felici
542 841 787 902 coeperat
816 832 890 885 ire
922 832 1022 886 via.

24 968 29 974 ἢ
74 923 200 961 ecce
229 904 424 958 rudens
454 921 614 958 rauco
648 902 814 957 Sileni
845 913 1024 957 vector
1056 904 1247 958 asellus

28 1028 29 1036 ,
147 975 540 1046 intempestivos
571 974 734 1028 edidit
763 992 851 1028 ore
883 993 1054 1027 sonos.

28 1086 29 1091 ,
74 1045 258 1101 territa
287 1045 557 1116 consurgit
585 1045 817 1116 nymphe
848 1045 1196 1114 manibusque
1227 1045 1484 1115 Priapum
1815 1060 1899 1099 435

27 1178 29 1191 ⁴
147 1117 297 1171 reicit
326 1126 378 1171 et
407 1117 615 1187 fugiens
648 1117 874 1169 concitat
905 1135 1059 1169 omne
1090 1135 1293 1168 nemus,

23 1198 29 1243 ,ἐ
74 1197 132 1243 at
162 1188 316 1251 deus,
347 1187 575 1240 obscena
603 1187 823 1239 nimium
853 1204 1062 1254 quoque
1092 1197 1240 1256 parte
1269 1196 1501 1256 paratus,

148 1257 390 1316 omnibus
421 1257 489 1310 ad
518 1258 674 1310 lunae
704 1256 902 1309 lumina
933 1257 1067 1309 risus
1099 1266 1225 1309 erat.

72 1337 242 1384 morte
273 1327 415 1381 dedit
444 1345 642 1398 poenas
673 1335 856 1380 auctor
885 1326 1143 1379 clamoris.
1220 1337 1271 1379 et
1301 1326 1431 1379 haec
1462 1335 1541 1378 est

27 1459 29 1473 Ι
147 1398 329 1453 Helles
370 1398 574 1451 ontiaco
605 1397 817 1450 victima
846 1407 996 1467 grata
1027 1397 1142 1450 deo.
1174 1427 1246 1435 -—
1814 1413 1899 1451 440

73 1470 300 1526 intactae
354 1468 546 1527 ueratis
577 1486 725 1531 aves,
758 1468 951 1521 solacia
982 1468 1133 1530 ruris,

26 1595 29 1603 ,
149 1540 425 1595 adsuetum
456 1539 598 1593 silvis
628 1539 1020 1608 innocuumque
1050 1557 1237 1608 genus,

25 1629 29 1668 1
72 1629 211 1683 quae
239 1610 411 1668 facitis
440 1609 592 1663 nidos
623 1619 676 1663 et
705 1609 896 1680 plumis
927 1628 1028 1662 ova
1058 1609 1266 1671 fovetis,

26 1729 29 1746 ἲ
146 1691 199 1736 et
226 1681 367 1736 facili
398 1681 578 1735 dulces
608 1680 761 1735 editis
792 1699 881 1734 ore
913 1680 1114 1733 modos.

26 1750 28 1755 ’
73 1753 168 1809 sed
196 1753 269 1807 nil
297 1752 399 1808 ista
426 1752 633 1815 iuvant,
663 1751 788 1821 quia
817 1752 1028 1822 linguae
1061 1752 1259 1805 crimen
1290 1750 1512 1814 habetis,
1811 1770 1894 1807 445

145 1823 302 1894 dique
330 1831 518 1895 putant
545 1833 746 1876 mentes
777 1841 870 1876 vos
901 1823 1102 1894 aperire
1134 1842 1273 1875 suas.

22 1924 28 1971 3
72 1903 376 1951 n002tamen
405 1893 505 1948 hoc
534 1893 744 1948 falsum.
818 1913 964 1957 nam,
997 1894 1076 1947 dis
1108 1905 1165 1947 ut
1196 1893 1437 1964 proxima
1466 1910 1727 1964 quaeque,

142 1984 284 2020 nunc
311 1965 473 2038 pinna
502 1984 677 2028 veras,
708 1983 850 2018 nunc
881 1965 1014 2018 datis
1046 1983 1134 2018 ore
1166 1975 1333 2017 notas.

69 2045 187 2098 tut-a
217 2037 307 2091 diu
335 2037 610 2091 volucrum
639 2036 812 2107 proles
843 2045 955 2089 tum
987 2036 1214 2104 denique
1246 2054 1400 2089 caesa
1431 2047 1526 2097 est,

142 2108 493 2177 iuveruntque
524 2107 650 2161 deos
679 2106 863 2160 indicis
896 2116 1017 2160 exta
1049 2107 1145 2159 sui.
1807 2125 1894 2163 450

69 2197 200 2250 ergo
231 2197 388 2250 saepe
419 2196 514 2232 suo
545 2177 775 2231 coniunx
804 2177 1031 2231 abducta
1061 2178 1248 2230 marito

143 2249 313 2303 uritur
340 2249 522 2302 Idaliis
553 2249 674 2302 alba
704 2249 949 2302 columba
979 2249 1127 2301 focis.

70 2337 170 2377 nec
199 2319 416 2376 defensa
445 2320 628 2374 iuvant
659 2317 944 2390 Capitolia,
976 2320 1257 2388 quominus
1289 2338 1442 2372 anser

144 2391 232 2446 det
259 2391 404 2445 iecur
432 2390 487 2444 in
515 2392 715 2452 lancee,
747 2391 930 2444 Inachi
961 2392 1127 2453 lauta,
1157 2400 1292 2443 tuas.

61 2471 224 2525 nocte
255 2461 383 2516 deae
413 2462 571 2515 Nocti
601 2462 845 2514 cristatus
876 2462 1113 2515 caeditur
1141 2461 1268 2523 ales.
1806 2480 1891 2517 455

143 2532 286 2603 quod
313 2533 547 2603 tepidum
577 2533 724 2603 vigili
754 2543 1000 2604 provocet
1033 2551 1120 2586 ore
1152 2531 1307 2585 diem.
1339 2563 1411 2571 —

69 2601 270 2659 interea
297 2602 533 2674 Delphin
564 2605 764 2657 clarum
795 2623 952 2674 super
983 2622 1213 2672 aequora
1243 2603 1388 2655 sidus

142 2674 340 2729 tollitur
369 2685 421 2728 et
449 2675 631 2746 patriis
661 2675 825 2728 exerit
856 2694 946 2728 ora
978 2676 1142 2728 vadis·

28 2870 29 2874 ,
69 2813 293 2871 Postera
321 2816 413 2868 lux
441 2813 668 2868 hiemem
699 2816 872 2870 medio
905 2816 1202 2869 discrimine
1234 2816 1424 2885 signat,
1610 2813 1684 2858 10·
1717 2815 1760 2858 Β
1790 2815 1898 2858 ΕΝ

143 2904 415 2957 aequaque
445 2886 779 2956 praeteritae,
811 2905 947 2955 quae
979 2886 1268 2956 superabit,
1305 2887 1416 2939 erit.
1684 2888 1685 2891 ’
1806 2904 1891 2942 460

71 3025 324 3083 Proxima
352 3027 634 3098 prospiciet
663 3027 895 3080 Tithono
926 3029 1137 3080 Aurora
1167 3028 1348 3080 relicto
1478 3026 1547 3069 11·
1581 3027 1620 3070 C'
1650 3027 1895 3070 CAR-BP

142 3098 404 3152 Arcadiae
437 3117 643 3152 sacrum
674 3099 971 3169 pontificale
1003 3099 1148 3151 deae.
1600 3083 1673 3126 12·
1704 3083 1751 3126 D
1764 3085 1803 3128 C

72 3174 128 3222 te
155 3186 363 3238 quoque
391 3169 485 3222 lux
516 3170 725 3230 eadem,
756 3170 924 3222 Turni
955 3188 1124 3232 soror,
1157 3169 1287 3222 aede
1318 3170 1532 3240 recepit,

22 3284 25 3314 ÷
143 3237 228 3293 hic
257 3240 348 3293 ubi
377 3240 632 3311 Virginea
664 3239 899 3311 Campus
930 3241 1103 3293 obitur
1134 3259 1286 3309 aqua.

22 3318 25 3356 ἰ
74 3309 214 3365 nude
242 3319 423 3381 petam
447 3330 630 3364 causas
662 3311 850 3364 horum
880 3330 1185 3380 moremque
1215 3312 1516 3364 sacrorum?
1804 3329 1887 3367 465

22 3388 24 3429 ἱ
147 3379 337 3452 diriget
363 3381 418 3434 in
448 3382 622 3436 medio
653 3383 771 3451 quis
802 3403 920 3437 mea
950 3383 1067 3436 vela
1098 3383 1263 3436 freto?

74 3444 190 3523 ipsa
215 3469 395 3517 mone,
427 3470 563 3522 quae
593 3471 784 3507 nomen
815 3454 977 3508 habes
1009 3473 1039 3507 a
1070 3454 1300 3507 carmine
1332 3454 1567 3516 ductum,
