2158 3906
247 634 300 673 19

246 774 298 814 23

246 845 300 883 25

245 1198 300 1239 30

333 320 437 376 296
890 330 946 374 P.
980 330 1188 376 OVIDII
1215 330 1487 377 NASONIS

1125 433 1246 485 XII

336 533 478 586 Ovid.
511 533 579 584 ib.
610 533 651 584 Ι
656 532 707 584 V
730 532 804 593 15,
840 533 898 582 49
930 551 1041 602 sqq.
1074 531 1285 602 (Caro),
1319 534 1378 585 cl.
1417 535 1468 585 T
1462 535 1570 586 rist.
1601 535 1711 612 Ill
1731 538 1807 598 M,
1840 537 1936 587 48.—

404 616 458 668 al
484 615 677 685 pudet,
710 625 762 669 et
794 614 1019 670 Getico
1051 617 1235 687 scripsi
1265 630 1548 671 sermone
1583 618 1871 672 libellum

477 694 779 755 structaque
811 702 933 739 sunt
962 689 1153 741 nostris
1184 688 1410 742 barbara
1439 689 1603 742 verba
1630 690 1800 743 modis
1818 729 1830 742 .
1849 728 1863 742 .
1880 727 1899 742 .

400 757 675 810 materiam
704 758 945 826 quaeris?
974 758 1158 812 laudes
1191 759 1257 813 de
1289 757 1520 814 Caesare
1551 760 1690 813 dixi.
1709 801 1721 814 .
1741 802 1753 814 .

403 847 526 881 nam
556 828 720 898 patris
751 829 987 899 Augusti
1018 830 1173 883 docui
1203 832 1422 884 mortale
1451 831 1615 884 fuisse

475 917 689 969 corpus,
720 899 775 952 in
806 875 1063 953 aetherias
1094 921 1292 955 numen
1323 902 1495 955 abisse
1526 902 1736 956 domos:

363 1020 366 1023 .
404 989 517 1023 esse
547 989 731 1040 parem
760 971 953 1024 virtute
982 973 1144 1041 patri,
1149 972 1267 1055 ‘qui
1295 971 1447 1026 frena
1475 982 1692 1043 rogatus

475 1060 631 1112 saepe
660 1042 888 1095 recusati
919 1043 1117 1111 ceperit
1146 1043 1375 1113 imperii.

406 1131 519 1165 esse
550 1112 865 1182 pudicarum
894 1122 946 1166 te
975 1114 1222 1178 Vestam,
1254 1114 1434 1178 Livia,
1466 1124 1713 1179 matrum,

476 1183 811 1253 ambiguum,
842 1194 966 1237 nato
998 1185 1206 1254 dignior
1236 1205 1372 1239 anne
1403 1186 1541 1239 viro:

404 1274 518 1308 esse
551 1254 726 1306 duos
712 1274 956 1318 luvenes,
986 1256 1138 1308 firma
1169 1256 1471 1310 adiumenta
1499 1256 1747 1328 parentiS,

477 1326 569 1394 qui
601 1325 839 1379 dederint
871 1327 1030 1378 animi
1061 1327 1286 1397 pignora
1315 1337 1458 1382 certa
1487 1329 1587 1381 sui.

1107 1440 1259 1493 XIII

336 1525 483 1578 Ovid.
515 1525 583 1576 ib.
614 1524 712 1577 IV
734 1526 781 1586 6,
815 1527 878 1575 47
910 1523 1157 1594 (Bruto):

404 1609 560 1678 quale
591 1618 767 1662 tamen
797 1610 969 1679 potui,
1002 1609 1074 1663 de
1105 1611 1360 1674 caelite,
1391 1613 1580 1675 Brute,
1612 1612 1855 1666 recenti

476 1689 652 1732 vestra
681 1681 866 1750 procul
896 1682 1098 1751 positus
1129 1700 1341 1736 carmen
1370 1682 1425 1735 in
1455 1701 1547 1736 ora
1577 1683 1715 1736 dedi.

330 1766 395 1836 cf.
426 1766 495 1818 ib.
528 1767 576 1825 9,
612 1768 698 1814 451
729 1764 1059 1836 (Graecino).·

545 1849 856 1920 perveniant
884 1850 1019 1904 istuc
1051 1860 1104 1904 et
1134 1849 1366 1905 carmina
1395 1852 1615 1904 forsitan
1644 1853 1750 1915 illa,

620 1938 756 1989 quae
788 1921 853 1974 de
884 1930 935 1975 te
966 1922 1085 1974 misi
1120 1923 1348 1976 caelite
1378 1922 1519 1976 facta
1548 1941 1724 1976 novo·

329 2118 532 2172 Servius
564 2121 635 2171 ad
672 2119 816 2190 Ver-9.
855 2118 1037 2191 Geory.
1069 2036 1314 2174 1312&
1366 2125 1556 2171 Ovidius

543 2203 624 2257 bis
656 2204 860 2274 rapitur
890 2205 1127 2274 vixitque
1159 2206 1335 2261 semel.

1123 2319 1241 2375 XV

326 2403 615 2474 Porphyrio
648 2406 718 2456 ad
744 2404 876 2456 Hor.
909 2424 1062 2456 carm.
1094 2407 1169 2457 II
1190 2409 1237 2466 5,
1270 2408 1370 2458 20:
1409 2403 1622 2475 Gyges]
1661 2410 1718 2454 de
1746 2410 1880 2454 huius
1907 2413 2039 2469 pueri
2125 2373 2129 2378 ²

398 2478 740 2535 pulchritudine
763 2478 902 2523 etiam
923 2479 1115 2524 Ovidius
1135 2481 1313 2524 loeutus
1335 2484 1416 2524 est.

1107 2581 1252 2636 XVI

334 2663 547 2729 Quintil.
579 2666 707 2718 XII
730 2667 809 2727 40,
846 2667 879 2715 7
882 2669 915 2716 5
921 2685 940 2717 .·
987 2671 1094 2715 lana
1114 2672 1260 2715 tincta
1280 2670 1385 2715 fuco
1407 2671 1522 2714 citra
1541 2684 1767 2728 purpuras
1787 2672 1964 2730 placet3

734 2759 788 2802 at
819 2749 862 2803 si
893 2751 1174 2803 contuleris
1206 2770 1347 2812 eam,
1379 2750 1621 2803 lacernae

732 2831 1018 2891 conspectu
1048 2821 1277 2874 melioris
1309 2822 1578 2884 obruetur,

325 2893 377 2932 ut
398 2888 589 2933 Ovidius
610 2888 688 2933 ait.

324 3061 520 3113 Paulus
551 3062 694 3114 Festi
714 3081 776 3132 p.
806 3063 933 3124 527,
966 3065 999 3112 4
1023 2977 1368 3114 Illissglvlidius

858 3139 1231 3211 nymphaeque
1263 3140 1460 3193 salaces

1072 3253 1278 3306 XVIII

467 3337 670 3389 Plinius
698 3337 772 3389 H.
797 3336 871 3389 N.
888 3322 1067 3389 'XXX
1092 3338 1185 3388 55.-
1220 3336 1451 3406 Anginis
1481 3336 1604 3389 felle
1635 3337 1875 3390 anserino
1896 3356 2028 3404 ,cum

325 3406 539 3461 elaterio
578 3416 629 3459 et
666 3407 820 3460 melle
859 3407 1106 3460 citissime
1144 3407 1487 3469 succurritur,
1535 3409 1748 3461 cerebro
1785 3417 2030 3471 noctuae,

229 3508 234 3535 2
325 3477 497 3531 cinere
527 3476 820 3530 hirundinis
861 3496 926 3531 ex
957 3495 1094 3547 aqua
1125 3477 1294 3530 calida
1324 3487 1465 3547 poto.
1539 3478 1697 3532 huius
1735 3479 2029 3533 medicinae
