2158 3906
336 324 439 377 144
888 332 944 375 P.
977 330 1183 376 OVIDII
1211 328 1483 375 NASONIS

221 455 304 494 415
335 456 432 491 nec
463 437 554 504 qui
585 433 858 502 descripsit
888 432 1151 500 corrumpi
1181 431 1382 483 semina
1411 438 1656 492 matrum,

408 507 638 567 Eubius,
668 505 906 572 impurae
938 502 1176 554 conditor
1206 500 1470 563 historiae,

336 596 434 630 nec
463 576 554 644 qui
585 573 876 643 composuit
905 592 1073 642 nuper
1105 571 1428 642 Sybaritica,
1458 571 1612 640 fugit,

408 665 505 700 nec
535 645 625 713 qui
656 644 966 697 concubitus
996 661 1102 695 non
1131 652 1343 695 tacuere
1375 660 1521 694 suos:

339 727 563 785 suntque
594 735 657 767 ea
687 715 960 767 doctorum
988 714 1341 766 monumentis
1371 713 1537 764 mixta
1567 712 1817 774 virorum,

224 807 308 845 420
408 786 819 853 muneribusque
850 785 1046 837 ducum
1076 785 1290 854 publica
1318 784 1461 836 facta
1489 792 1687 852 patent.

337 877 470 912 neve
499 856 787 926 peregrinis
819 864 1024 907 tantum
1055 855 1310 908 defendar
1339 854 1407 906 ab
1438 854 1620 906 armis:

410 938 461 982 et
490 929 763 981 Romanus
795 927 954 979 habet
982 927 1149 978 multa
1177 926 1354 977 iocosa
1382 924 1531 976 liber.

337 1010 503 1067 utque
535 1017 629 1051 suo
660 999 893 1050 Martem
924 997 1111 1050 cecinit
1140 996 1317 1066 gravis
1347 994 1554 1047 Ennius
1586 1012 1691 1057 ore,

409 1069 616 1123 Ennius
646 1069 858 1138 ingenio
890 1068 1176 1130 maximUS,
1209 1076 1318 1119 arte
1348 1066 1518 1127 rudis3

227 1159 308 1198 425
341 1142 568 1212 explicat
597 1149 655 1192 ut
685 1158 869 1192 causas
900 1138 1071 1208 rapidi
1101 1137 1382 1190 Lucretius
1412 1137 1567 1206 ignis,

413 1229 763 1279 casurumque
793 1210 985 1279 triplex
1013 1209 1328 1262 vaticinatur
1358 1227 1514 1277 opus:

344 1284 417 1337 sic
448 1302 545 1335 sua
573 1283 770 1335 lascivo
802 1290 1011 1334 cantata
1041 1288 1120 1333 est
1150 1298 1307 1349 saepe
1341 1277 1552 1331 Catullo

415 1353 635 1418 femina,
667 1353 752 1405 cui
781 1352 974 1404 falsum
1005 1351 1205 1404 Lesbia
1232 1369 1426 1403 nomen
1457 1357 1591 1411 erat3

341 1443 440 1478 nec
470 1433 744 1477 contentus
776 1443 861 1485 ea,
892 1423 1085 1475 multos
1117 1421 1356 1491 vulgavit
1385 1439 1605 1481 amoreS,

229 1513 312 1553 430
413 1496 468 1547 in
498 1495 688 1563 quibus
720 1495 830 1563 ipse
862 1513 1018 1546 suum
1047 1493 1219 1545 fassus
1250 1491 1564 1544 adulterium
1595 1498 1689 1543 est.

342 1586 439 1637 par
468 1567 568 1618 fuit
599 1565 778 1635 exigui
808 1565 1095 1631 similisque
1125 1563 1335 1615 licentia
1367 1560 1538 1623 Calvi,

416 1637 614 1690 detexit
643 1636 800 1688 variis
831 1635 922 1703 qui
952 1654 1048 1687 sua
1076 1635 1218 1686 furta
1247 1633 1434 1685 modis,

230 1726 312 1765 435
346 1707 520 1761 Cinna
549 1725 759 1775 quoque
790 1706 870 1758 his
903 1724 1076 1758 comes
1109 1715 1211 1766 est,
1245 1703 1523 1771 Cinnaque
1553 1702 1822 1772 procacior
1853 1703 2047 1766 Anser,

417 1789 469 1832 et
497 1779 612 1831 leve
645 1776 893 1830 Cornifici
925 1794 1123 1846 parque
1157 1774 1375 1828 Catonis
1407 1793 1555 1843 opus.

231 1868 313 1906 433
345 1850 473 1918 quid
501 1848 727 1902 referam
757 1848 997 1909 Ticidae,
1029 1847 1157 1915 quid
1186 1845 1411 1898 Memmi
1441 1863 1676 1906 carmen,
1707 1842 1850 1913 apud
1881 1860 2012 1911 quos

416 1920 574 1973 rebus
605 1920 753 1972 adest
782 1937 975 1971 nomen
1005 1917 1411 1984 nominibusque
1441 1915 1628 1984 pudor,

232 2009 314 2048 437
346 2002 398 2045 et
428 2009 653 2059 quorum
683 1990 828 2042 libris
859 1989 1017 2041 modo
1048 1988 1375 2040 dissimulata
1405 1986 1645 2052 Perillae·

416 2061 627 2114 nomine
658 2079 800 2113 nunc
828 2061 1022 2130 legitur
1053 2059 1215 2121 dicta,
1247 2058 1488 2119 Metelle,
1519 2057 1644 2109 tuo?

345 2134 389 2186 is
421 2150 654 2201 quoque,
684 2131 973 2185 Phasiacas
1003 2131 1156 2200 Argo
1187 2129 1279 2198 qui
1308 2129 1458 2181 duxit
1487 2129 1542 2180 in
1570 2127 1757 2189 undaS,

232 2221 316 2260 440
416 2222 523 2256 non
552 2203 722 2273 potuit
750 2202 974 2257 Veneris
1006 2202 1148 2254 furta
1177 2209 1351 2253 tacere
1383 2218 1524 2252 suae.

345 2294 443 2328 nec
473 2274 647 2328 minus
678 2274 955 2334 Hortensi,
987 2291 1085 2325 nec
1115 2281 1237 2324 sunt
1267 2270 1441 2323 minus
1470 2269 1712 2340 improba
1743 2267 1899 2322 Servi

419 2345 674 2398 carmina:
708 2344 825 2412 quis
857 2344 1060 2416 dubitet
1089 2343 1303 2395 nomina
1333 2350 1480 2393 tanta
1510 2340 1690 2409 sequi?

347 2417 502 2469 vertit
527 2415 823 2468 Aristidem
855 2414 1104 2476 Sisenna,
1134 2432 1232 2466 nec
1262 2412 1414 2464 offuit
1444 2411 1519 2463 illi

419 2486 666 2539 historiae
695 2485 861 2554 turpis
892 2484 1172 2537 inseruisse
1201 2484 1361 2536 iocos.

234 2575 317 2614 445
347 2576 454 2610 non
484 2557 584 2609 fuit
615 2556 896 2626 opprobrio
927 2555 1219 2608 celebrasse
1249 2553 1516 2623 Lycorida
1547 2551 1722 2614 Gallo,

422 2628 515 2681 sed
544 2627 782 2696 linguam
811 2626 972 2678 nimio
1002 2644 1108 2678 non
1139 2625 1368 2678 tenuisse
1397 2642 1559 2676 mero.

351 2700 562 2752 credere
591 2698 785 2751 iuranti
815 2698 1005 2749 durum
1035 2705 1187 2766 putat
1217 2714 1331 2748 esse
1361 2695 1623 2757 Tibullus,

422 2771 496 2823 sic
527 2769 684 2823 etiam
715 2769 780 2821 de
811 2788 867 2821 se
898 2768 1041 2836 quod
1070 2776 1229 2836 neget
1257 2766 1346 2819 illa
1376 2766 1512 2818 viro:

349 2841 531 2894 fallere
563 2840 807 2893 custodes
837 2840 977 2892 idem
1009 2839 1248 2891 docuisse
1279 2837 1490 2899 fatetur,

236 2929 320 2969 450
423 2929 583 2980 seque
614 2930 709 2964 sua
737 2910 987 2963 miserum
1017 2928 1158 2962 nunc
1189 2909 1259 2961 ait
1289 2917 1399 2961 arte
1428 2907 1618 2977 premi:

351 3002 532 3052 saepe,
564 2983 710 3036 velut
738 3001 1005 3052 gemmam
1034 2980 1277 3033 dominae
1308 2979 1585 3048 signumve
1617 2978 1880 3048 probaret,

421 3072 516 3123 per
545 3072 759 3106 causam
788 3052 1026 3106 meminit
1057 3071 1112 3104 se
1142 3050 1376 3119 tetigisse
1407 3069 1644 3101 manum:

349 3133 515 3192 utque
545 3124 727 3186 refert,
760 3124 937 3193 digitis
968 3141 1124 3191 saepe
1156 3131 1234 3174 est
1263 3130 1500 3188 nutuque
1530 3120 1755 3180 locutus,

424 3204 475 3247 et
505 3195 718 3247 tacitam
746 3213 957 3246 mensae
989 3192 1138 3245 duxit
1167 3192 1223 3243 in
1253 3192 1378 3243 orbe
1408 3198 1609 3242 notam:

238 3281 321 3322 455
353 3274 404 3319 et
433 3265 624 3333 quibus
657 3284 685 3317 e
717 3265 855 3316 sucis
886 3264 1041 3316 abeat
1072 3263 1137 3315 de
1168 3280 1383 3331 corpore
1413 3261 1561 3322 livor,

422 3336 674 3404 impresso
704 3334 817 3387 fieri
847 3334 939 3402 qui
969 3334 1100 3386 solet
1130 3350 1242 3394 ore,
1276 3331 1451 3383 docet:

353 3407 581 3474 denique
611 3405 678 3457 ab
707 3405 918 3458 incauto
948 3403 1169 3456 nimium
1198 3402 1327 3471 petit
1356 3402 1442 3454 ille
1473 3401 1675 3464 marit0,

425 3496 478 3530 se
510 3494 719 3546 quoque
749 3476 827 3529 uti
857 3483 1051 3537 servet,
1082 3482 1263 3547 peccet
1293 3481 1351 3525 ut
1381 3473 1470 3525 illa
1499 3473 1690 3524 minus·
