<?xml version="1.0" encoding="UTF-8"?>
<!DOCTYPE html PUBLIC "-//W3C//DTD XHTML 1.0 Transitional//EN"
    "http://www.w3.org/TR/xhtml1/DTD/xhtml1-transitional.dtd">
<html xmlns="http://www.w3.org/1999/xhtml" xml:lang="en" lang="en">
 <head>
  <title>
</title>
<meta http-equiv="Content-Type" content="text/html;charset=utf-8" />
  <meta name='ocr-system' content='tesseract 3.04.00' />
  <meta name='ocr-capabilities' content='ocr_page ocr_carea ocr_par ocr_line ocrx_word'/>
</head>
<body>
  <div class='ocr_page' id='page_1' title='image "./carminaov03oviduoft_0078.png"; bbox 0 0 2158 3906; ppageno 0'>
   <div class='ocr_carea' id='block_1_1' title="bbox 415 272 1564 325">
    <p class='ocr_par' dir='ltr' id='par_1_1' title="bbox 415 272 1564 325">
     <span class='ocr_line' id='line_1_1' title="bbox 415 272 1564 325; baseline 0 -1"><span class='ocrx_word' id='word_1_1' title='bbox 415 272 487 324; x_wconf 89' lang='grc'>40</span> <span class='ocrx_word' id='word_1_2' title='bbox 503 297 506 305; x_wconf 68' lang='grc'>’</span> <span class='ocrx_word' id='word_1_3' title='bbox 973 279 1026 323; x_wconf 89' lang='grc' dir='ltr'>Ρ,</span> <span class='ocrx_word' id='word_1_4' title='bbox 1060 279 1265 325; x_wconf 92' lang='lat' dir='ltr'>OVIDII</span> <span class='ocrx_word' id='word_1_5' title='bbox 1295 278 1564 324; x_wconf 88' lang='lat' dir='ltr'>NASONIS</span> 
     </span>
    </p>
   </div>
   <div class='ocr_carea' id='block_1_2' title="bbox 303 378 1972 3495">
    <p class='ocr_par' dir='ltr' id='par_1_2' title="bbox 303 378 1972 3495">
     <span class='ocr_line' id='line_1_2' title="bbox 419 378 1731 450; baseline -0.002 -14"><span class='ocrx_word' id='word_1_6' title='bbox 419 383 642 436; x_wconf 79' lang='lat' dir='ltr'>Pallada</span> <span class='ocrx_word' id='word_1_7' title='bbox 674 381 1022 450; x_wconf 81' lang='lat' dir='ltr'>Cecropidae,</span> <span class='ocrx_word' id='word_1_8' title='bbox 1053 380 1259 432; x_wconf 89' lang='lat' dir='ltr'>Minoia</span> <span class='ocrx_word' id='word_1_9' title='bbox 1291 378 1452 433; x_wconf 90' lang='lat' dir='ltr'>Creta</span> <span class='ocrx_word' id='word_1_10' title='bbox 1481 380 1731 444; x_wconf 84' lang='lat' dir='ltr'>Dianam,</span> 
     </span>
     <span class='ocr_line' id='line_1_3' title="bbox 491 451 1509 521; baseline -0.003 -15"><span class='ocrx_word' id='word_1_11' title='bbox 491 455 787 507; x_wconf 88' lang='lat' dir='ltr'>Volcanum</span> <span class='ocrx_word' id='word_1_12' title='bbox 820 453 974 503; x_wconf 89' lang='lat' dir='ltr'>tellus</span> <span class='ocrx_word' id='word_1_13' title='bbox 1007 451 1341 521; x_wconf 83' lang='lat' dir='ltr'>Hypsipylea</span> <span class='ocrx_word' id='word_1_14' title='bbox 1371 452 1509 513; x_wconf 91' lang='lat' dir='ltr'>colit,</span> 
     </span>
     <span class='ocr_line' id='line_1_4' title="bbox 420 521 1696 592; baseline -0.001 -16"><span class='ocrx_word' id='word_1_15' title='bbox 420 526 677 576; x_wconf 86' lang='lat' dir='ltr'>Iunonem</span> <span class='ocrx_word' id='word_1_16' title='bbox 711 522 900 591; x_wconf 81' lang='lat' dir='ltr'>Sparte</span> <span class='ocrx_word' id='word_1_17' title='bbox 931 521 1384 591; x_wconf 70' lang='lat' dir='ltr'>Pelopeiadesque</span> <span class='ocrx_word' id='word_1_18' title='bbox 1413 522 1696 592; x_wconf 82' lang='lat' dir='ltr'>Mycenae,</span> 
     </span>
     <span class='ocr_line' id='line_1_5' title="bbox 491 591 1622 668; baseline 0 -23"><span class='ocrx_word' id='word_1_19' title='bbox 491 595 786 664; x_wconf 81' lang='lat' dir='ltr'>pinigerum</span> <span class='ocrx_word' id='word_1_20' title='bbox 817 591 990 643; x_wconf 87' lang='lat' dir='ltr'>Fauni</span> <span class='ocrx_word' id='word_1_21' title='bbox 1022 592 1286 645; x_wconf 88' lang='lat' dir='ltr'>Maenalis</span> <span class='ocrx_word' id='word_1_22' title='bbox 1319 603 1622 668; x_wconf 36' lang='lat' dir='ltr'>ora-caput:</span> 
     </span>
     <span class='ocr_line' id='line_1_6' title="bbox 332 663 1955 733; baseline 0.001 -17"><span class='ocrx_word' id='word_1_23' title='bbox 332 686 387 725; x_wconf 82' lang='lat'>85</span> <span class='ocrx_word' id='word_1_24' title='bbox 420 665 568 716; x_wconf 84' lang='lat' dir='ltr'>Mars</span> <span class='ocrx_word' id='word_1_25' title='bbox 602 663 758 715; x_wconf 88' lang='lat' dir='ltr'>Latio</span> <span class='ocrx_word' id='word_1_26' title='bbox 790 663 1121 715; x_wconf 88' lang='lat' dir='ltr'>venerandus</span> <span class='ocrx_word' id='word_1_27' title='bbox 1152 673 1288 725; x_wconf 88' lang='lat' dir='ltr'>erat,</span> <span class='ocrx_word' id='word_1_28' title='bbox 1320 664 1444 732; x_wconf 88' lang='lat' dir='ltr'>quia</span> <span class='ocrx_word' id='word_1_29' title='bbox 1473 663 1737 733; x_wconf 83' lang='lat' dir='ltr'>praesidet</span> <span class='ocrx_word' id='word_1_30' title='bbox 1768 666 1923 718; x_wconf 88' lang='lat' dir='ltr'>armis</span> <span class='ocrx_word' id='word_1_31' title='bbox 1933 687 1955 730; x_wconf 75' lang='lat'><em>3</em></span> 
     </span>
     <span class='ocr_line' id='line_1_7' title="bbox 492 733 1775 803; baseline 0.002 -18"><span class='ocrx_word' id='word_1_32' title='bbox 492 754 636 786; x_wconf 91' lang='lat' dir='ltr'>arma</span> <span class='ocrx_word' id='word_1_33' title='bbox 667 734 809 786; x_wconf 89' lang='lat' dir='ltr'>ferae</span> <span class='ocrx_word' id='word_1_34' title='bbox 839 733 985 802; x_wconf 87' lang='lat' dir='ltr'>genti</span> <span class='ocrx_word' id='word_1_35' title='bbox 1015 751 1233 802; x_wconf 90' lang='lat' dir='ltr'>remque</span> <span class='ocrx_word' id='word_1_36' title='bbox 1265 734 1530 803; x_wconf 78' lang='lat' dir='ltr'>decusque</span> <span class='ocrx_word' id='word_1_37' title='bbox 1562 735 1775 788; x_wconf 89' lang='lat' dir='ltr'>dabant.</span> 
     </span>
     <span class='ocr_line' id='line_1_8' title="bbox 418 803 1772 875; baseline 0.002 -19"><span class='ocrx_word' id='word_1_38' title='bbox 418 805 606 873; x_wconf 88' lang='lat' dir='ltr'>quodsi</span> <span class='ocrx_word' id='word_1_39' title='bbox 638 803 771 856; x_wconf 88' lang='lat' dir='ltr'>forte</span> <span class='ocrx_word' id='word_1_40' title='bbox 802 822 984 865; x_wconf 79' lang='lat' dir='ltr'>vacaS‚</span> <span class='ocrx_word' id='word_1_41' title='bbox 1015 805 1320 874; x_wconf 89' lang='lat' dir='ltr'>peregrinos</span> <span class='ocrx_word' id='word_1_42' title='bbox 1351 805 1551 875; x_wconf 89' lang='lat' dir='ltr'>inspice</span> <span class='ocrx_word' id='word_1_43' title='bbox 1581 805 1772 859; x_wconf 84' lang='lat' dir='ltr'>fastos:</span> 
     </span>
     <span class='ocr_line' id='line_1_9' title="bbox 487 874 1676 928; baseline 0 -1"><span class='ocrx_word' id='word_1_44' title='bbox 487 876 681 927; x_wconf 87' lang='lat' dir='ltr'>mensis</span> <span class='ocrx_word' id='word_1_45' title='bbox 711 875 766 926; x_wconf 89' lang='lat' dir='ltr'>in</span> <span class='ocrx_word' id='word_1_46' title='bbox 796 874 876 926; x_wconf 90' lang='lat' dir='ltr'>his</span> <span class='ocrx_word' id='word_1_47' title='bbox 908 875 1066 927; x_wconf 89' lang='lat' dir='ltr'>etiam</span> <span class='ocrx_word' id='word_1_48' title='bbox 1097 876 1308 928; x_wconf 91' lang='lat' dir='ltr'>nomine</span> <span class='ocrx_word' id='word_1_49' title='bbox 1338 876 1530 928; x_wconf 91' lang='lat' dir='ltr'>Martis</span> <span class='ocrx_word' id='word_1_50' title='bbox 1563 876 1676 928; x_wconf 90' lang='lat' dir='ltr'>erit.</span> 
     </span>
     <span class='ocr_line' id='line_1_10' title="bbox 416 946 1650 1013; baseline 0.001 -16"><span class='ocrx_word' id='word_1_51' title='bbox 416 946 599 998; x_wconf 88' lang='lat' dir='ltr'>tertius</span> <span class='ocrx_word' id='word_1_52' title='bbox 632 946 880 1008; x_wconf 89' lang='lat' dir='ltr'>Albanis,</span> <span class='ocrx_word' id='word_1_53' title='bbox 913 946 1127 1013; x_wconf 91' lang='lat' dir='ltr'>quintus</span> <span class='ocrx_word' id='word_1_54' title='bbox 1157 946 1258 998; x_wconf 87' lang='lat' dir='ltr'>fuit</span> <span class='ocrx_word' id='word_1_55' title='bbox 1286 946 1374 999; x_wconf 88' lang='lat' dir='ltr'>ille</span> <span class='ocrx_word' id='word_1_56' title='bbox 1403 946 1650 999; x_wconf 87' lang='lat' dir='ltr'>Faliscis:</span> 
     </span>
     <span class='ocr_line' id='line_1_11' title="bbox 331 1017 1745 1086; baseline 0.001 -18"><span class='ocrx_word' id='word_1_57' title='bbox 331 1038 388 1077; x_wconf 83' lang='lat'>90</span> <span class='ocrx_word' id='word_1_58' title='bbox 491 1025 669 1069; x_wconf 87' lang='lat' dir='ltr'>sextus</span> <span class='ocrx_word' id='word_1_59' title='bbox 702 1017 842 1085; x_wconf 87' lang='lat' dir='ltr'>apud</span> <span class='ocrx_word' id='word_1_60' title='bbox 874 1017 1121 1086; x_wconf 92' lang='lat' dir='ltr'>populos,</span> <span class='ocrx_word' id='word_1_61' title='bbox 1154 1017 1390 1069; x_wconf 91' lang='lat' dir='ltr'>Hernica</span> <span class='ocrx_word' id='word_1_62' title='bbox 1419 1026 1580 1079; x_wconf 88' lang='lat' dir='ltr'>terra,</span> <span class='ocrx_word' id='word_1_63' title='bbox 1611 1026 1745 1070; x_wconf 88' lang='lat' dir='ltr'>tuos.</span> 
     </span>
     <span class='ocr_line' id='line_1_12' title="bbox 417 1086 1685 1158; baseline 0.001 -19"><span class='ocrx_word' id='word_1_64' title='bbox 417 1087 553 1139; x_wconf 91' lang='lat' dir='ltr'>inter</span> <span class='ocrx_word' id='word_1_65' title='bbox 583 1086 830 1139; x_wconf 87' lang='lat' dir='ltr'>Aricinos</span> <span class='ocrx_word' id='word_1_66' title='bbox 861 1088 1180 1156; x_wconf 89' lang='lat' dir='ltr'>Albanaque</span> <span class='ocrx_word' id='word_1_67' title='bbox 1211 1097 1448 1158; x_wconf 85' lang='lat' dir='ltr'>tempora</span> <span class='ocrx_word' id='word_1_68' title='bbox 1480 1097 1685 1141; x_wconf 87' lang='lat' dir='ltr'>constat</span> 
     </span>
     <span class='ocr_line' id='line_1_13' title="bbox 488 1158 1641 1228; baseline 0 -18"><span class='ocrx_word' id='word_1_69' title='bbox 488 1158 736 1226; x_wconf 90' lang='lat' dir='ltr'>factaque</span> <span class='ocrx_word' id='word_1_70' title='bbox 768 1158 1025 1228; x_wconf 84' lang='lat' dir='ltr'>Telegoni</span> <span class='ocrx_word' id='word_1_71' title='bbox 1055 1159 1263 1212; x_wconf 89' lang='lat' dir='ltr'>moenia</span> <span class='ocrx_word' id='word_1_72' title='bbox 1294 1160 1434 1212; x_wconf 87' lang='lat' dir='ltr'>celsa</span> <span class='ocrx_word' id='word_1_73' title='bbox 1460 1178 1641 1211; x_wconf 89' lang='lat' dir='ltr'>manu.</span> 
     </span>
     <span class='ocr_line' id='line_1_14' title="bbox 417 1228 1935 1298; baseline 0.003 -18"><span class='ocrx_word' id='word_1_74' title='bbox 417 1229 663 1296; x_wconf 87' lang='lat' dir='ltr'>quintum</span> <span class='ocrx_word' id='word_1_75' title='bbox 693 1228 1015 1292; x_wconf 86' lang='lat' dir='ltr'>Laurentes,</span> <span class='ocrx_word' id='word_1_76' title='bbox 1046 1230 1126 1281; x_wconf 86' lang='lat' dir='ltr'>bis</span> <span class='ocrx_word' id='word_1_77' title='bbox 1157 1230 1400 1297; x_wconf 89' lang='lat' dir='ltr'>quintum</span> <span class='ocrx_word' id='word_1_78' title='bbox 1430 1230 1763 1298; x_wconf 88' lang='lat' dir='ltr'>Aequiculus</span> <span class='ocrx_word' id='word_1_79' title='bbox 1795 1249 1935 1295; x_wconf 89' lang='lat' dir='ltr'>acer,</span> 
     </span>
     <span class='ocr_line' id='line_1_15' title="bbox 491 1298 1828 1369; baseline 0.001 -18"><span class='ocrx_word' id='word_1_80' title='bbox 491 1319 522 1351; x_wconf 88' lang='lat' dir='ltr'>a</span> <span class='ocrx_word' id='word_1_81' title='bbox 552 1300 719 1352; x_wconf 89' lang='lat' dir='ltr'>tribus</span> <span class='ocrx_word' id='word_1_82' title='bbox 750 1299 890 1352; x_wconf 92' lang='lat' dir='ltr'>hunc</span> <span class='ocrx_word' id='word_1_83' title='bbox 921 1300 1149 1369; x_wconf 89' lang='lat' dir='ltr'>primum</span> <span class='ocrx_word' id='word_1_84' title='bbox 1180 1301 1336 1352; x_wconf 88' lang='lat' dir='ltr'>turba</span> <span class='ocrx_word' id='word_1_85' title='bbox 1367 1298 1621 1353; x_wconf 88' lang='lat' dir='ltr'>Curensis</span> <span class='ocrx_word' id='word_1_86' title='bbox 1651 1301 1828 1355; x_wconf 89' lang='lat' dir='ltr'>habet.</span> 
     </span>
     <span class='ocr_line' id='line_1_16' title="bbox 334 1370 1752 1441; baseline 0.001 -20"><span class='ocrx_word' id='word_1_87' title='bbox 334 1392 385 1430; x_wconf 83' lang='lat'>95</span> <span class='ocrx_word' id='word_1_88' title='bbox 421 1380 470 1422; x_wconf 91' lang='lat' dir='ltr'>et</span> <span class='ocrx_word' id='word_1_89' title='bbox 501 1370 596 1422; x_wconf 85' lang='lat' dir='ltr'>tibi</span> <span class='ocrx_word' id='word_1_90' title='bbox 628 1389 750 1422; x_wconf 91' lang='lat' dir='ltr'>cum</span> <span class='ocrx_word' id='word_1_91' title='bbox 780 1371 1015 1441; x_wconf 82' lang='lat' dir='ltr'>proaviS,</span> <span class='ocrx_word' id='word_1_92' title='bbox 1045 1371 1195 1423; x_wconf 88' lang='lat' dir='ltr'>miles</span> <span class='ocrx_word' id='word_1_93' title='bbox 1226 1371 1506 1441; x_wconf 83' lang='lat' dir='ltr'>Paeligne,</span> <span class='ocrx_word' id='word_1_94' title='bbox 1540 1371 1752 1425; x_wconf 85' lang='lat' dir='ltr'>Sabinis</span> 
     </span>
     <span class='ocr_line' id='line_1_17' title="bbox 491 1442 1758 1511; baseline 0.002 -18"><span class='ocrx_word' id='word_1_95' title='bbox 491 1442 759 1494; x_wconf 85' lang='lat' dir='ltr'>convenit:</span> <span class='ocrx_word' id='word_1_96' title='bbox 791 1442 914 1494; x_wconf 92' lang='lat' dir='ltr'>huic</span> <span class='ocrx_word' id='word_1_97' title='bbox 944 1442 1089 1511; x_wconf 90' lang='lat' dir='ltr'>genti</span> <span class='ocrx_word' id='word_1_98' title='bbox 1122 1454 1339 1510; x_wconf 88' lang='lat' dir='ltr'>quartus</span> <span class='ocrx_word' id='word_1_99' title='bbox 1371 1443 1580 1511; x_wconf 90' lang='lat' dir='ltr'>utrique</span> <span class='ocrx_word' id='word_1_100' title='bbox 1612 1443 1758 1495; x_wconf 73' lang='lat' dir='ltr'>deus·</span> 
     </span>
     <span class='ocr_line' id='line_1_18' title="bbox 418 1512 1845 1577; baseline 0.002 -14"><span class='ocrx_word' id='word_1_101' title='bbox 418 1512 704 1574; x_wconf 73' lang='lat' dir='ltr'>Romu111S,</span> <span class='ocrx_word' id='word_1_102' title='bbox 735 1513 834 1564; x_wconf 92' lang='lat' dir='ltr'>hoc</span> <span class='ocrx_word' id='word_1_103' title='bbox 865 1530 1046 1565; x_wconf 88' lang='lat' dir='ltr'>omnes</span> <span class='ocrx_word' id='word_1_104' title='bbox 1077 1522 1133 1565; x_wconf 88' lang='lat' dir='ltr'>ut</span> <span class='ocrx_word' id='word_1_105' title='bbox 1166 1514 1399 1566; x_wconf 89' lang='lat' dir='ltr'>vinceret</span> <span class='ocrx_word' id='word_1_106' title='bbox 1430 1514 1611 1565; x_wconf 89' lang='lat' dir='ltr'>ordine</span> <span class='ocrx_word' id='word_1_107' title='bbox 1644 1515 1845 1577; x_wconf 87' lang='lat' dir='ltr'>saltem,</span> 
     </span>
     <span class='ocr_line' id='line_1_19' title="bbox 492 1583 1750 1653; baseline 0.002 -19"><span class='ocrx_word' id='word_1_108' title='bbox 492 1583 762 1652; x_wconf 85' lang='lat' dir='ltr'>sanguinis</span> <span class='ocrx_word' id='word_1_109' title='bbox 794 1584 994 1636; x_wconf 89' lang='lat' dir='ltr'>auctori</span> <span class='ocrx_word' id='word_1_110' title='bbox 1024 1594 1261 1653; x_wconf 90' lang='lat' dir='ltr'>tempora</span> <span class='ocrx_word' id='word_1_111' title='bbox 1290 1585 1460 1653; x_wconf 90' lang='lat' dir='ltr'>prima</span> <span class='ocrx_word' id='word_1_112' title='bbox 1491 1584 1650 1636; x_wconf 80' lang='lat' dir='ltr'>dedit.</span> <span class='ocrx_word' id='word_1_113' title='bbox 1681 1616 1750 1622; x_wconf 85' lang='lat'>——</span> 
     </span>
     <span class='ocr_line' id='line_1_20' title="bbox 417 1654 1972 1722; baseline 0.003 -17"><span class='ocrx_word' id='word_1_114' title='bbox 417 1672 516 1705; x_wconf 90' lang='lat' dir='ltr'>nec</span> <span class='ocrx_word' id='word_1_115' title='bbox 547 1654 765 1706; x_wconf 87' lang='lat' dir='ltr'>totidem</span> <span class='ocrx_word' id='word_1_116' title='bbox 795 1663 1023 1716; x_wconf 80' lang='lat' dir='ltr'>vetereS,</span> <span class='ocrx_word' id='word_1_117' title='bbox 1054 1665 1181 1722; x_wconf 89' lang='lat' dir='ltr'>quot</span> <span class='ocrx_word' id='word_1_118' title='bbox 1211 1673 1376 1718; x_wconf 88' lang='lat' dir='ltr'>nunc,</span> <span class='ocrx_word' id='word_1_119' title='bbox 1407 1655 1638 1707; x_wconf 89' lang='lat' dir='ltr'>habuere</span> <span class='ocrx_word' id='word_1_120' title='bbox 1670 1656 1972 1709; x_wconf 70' lang='lat' dir='ltr'>Kalendast</span> 
     </span>
     <span class='ocr_line' id='line_1_21' title="bbox 305 1725 1686 1794; baseline 0.001 -19"><span class='ocrx_word' id='word_1_121' title='bbox 305 1744 386 1782; x_wconf 89' lang='lat'>100</span> <span class='ocrx_word' id='word_1_122' title='bbox 487 1725 574 1777; x_wconf 89' lang='lat' dir='ltr'>ille</span> <span class='ocrx_word' id='word_1_123' title='bbox 605 1725 777 1776; x_wconf 90' lang='lat' dir='ltr'>minor</span> <span class='ocrx_word' id='word_1_124' title='bbox 807 1725 1030 1794; x_wconf 87' lang='lat' dir='ltr'>geminis</span> <span class='ocrx_word' id='word_1_125' title='bbox 1061 1726 1330 1778; x_wconf 90' lang='lat' dir='ltr'>mensibus</span> <span class='ocrx_word' id='word_1_126' title='bbox 1361 1745 1533 1778; x_wconf 59' lang='lat' dir='ltr'>annus&lt;</span> <span class='ocrx_word' id='word_1_127' title='bbox 1560 1735 1686 1778; x_wconf 89' lang='lat' dir='ltr'>erat.</span> 
     </span>
     <span class='ocr_line' id='line_1_22' title="bbox 417 1795 1653 1849; baseline 0.002 -4"><span class='ocrx_word' id='word_1_128' title='bbox 417 1795 653 1847; x_wconf 89' lang='lat' dir='ltr'>nondum</span> <span class='ocrx_word' id='word_1_129' title='bbox 685 1795 969 1848; x_wconf 87' lang='lat' dir='ltr'>tradiderat</span> <span class='ocrx_word' id='word_1_130' title='bbox 1001 1796 1166 1849; x_wconf 89' lang='lat' dir='ltr'>victas</span> <span class='ocrx_word' id='word_1_131' title='bbox 1198 1797 1484 1848; x_wconf 88' lang='lat' dir='ltr'>victoribus</span> <span class='ocrx_word' id='word_1_132' title='bbox 1516 1807 1653 1849; x_wconf 89' lang='lat' dir='ltr'>artes</span> 
     </span>
     <span class='ocr_line' id='line_1_23' title="bbox 385 1864 1762 1938; baseline 0.002 -20"><span class='ocrx_word' id='word_1_133' title='bbox 385 1908 406 1928; x_wconf 79' lang='grc'><strong>.</strong></span> <span class='ocrx_word' id='word_1_134' title='bbox 491 1864 743 1928; x_wconf 83' lang='lat' dir='ltr'>Graecia,</span> <span class='ocrx_word' id='word_1_135' title='bbox 774 1866 1087 1928; x_wconf 88' lang='lat' dir='ltr'>facundum,</span> <span class='ocrx_word' id='word_1_136' title='bbox 1121 1867 1213 1920; x_wconf 88' lang='lat' dir='ltr'>sed</span> <span class='ocrx_word' id='word_1_137' title='bbox 1242 1868 1379 1920; x_wconf 90' lang='lat' dir='ltr'>male</span> <span class='ocrx_word' id='word_1_138' title='bbox 1410 1867 1545 1920; x_wconf 87' lang='lat' dir='ltr'>forte</span> <span class='ocrx_word' id='word_1_139' title='bbox 1576 1887 1762 1938; x_wconf 76' lang='lat' dir='ltr'>genus·</span> 
     </span>
     <span class='ocr_line' id='line_1_24' title="bbox 416 1937 1792 2007; baseline 0.002 -19"><span class='ocrx_word' id='word_1_140' title='bbox 416 1937 506 2003; x_wconf 88' lang='lat' dir='ltr'>qui</span> <span class='ocrx_word' id='word_1_141' title='bbox 538 1937 673 1989; x_wconf 89' lang='lat' dir='ltr'>bene</span> <span class='ocrx_word' id='word_1_142' title='bbox 703 1937 1000 2007; x_wconf 86' lang='lat' dir='ltr'>pugnabat,</span> <span class='ocrx_word' id='word_1_143' title='bbox 1031 1938 1327 1990; x_wconf 86' lang='lat' dir='ltr'>Romanam</span> <span class='ocrx_word' id='word_1_144' title='bbox 1355 1947 1574 1991; x_wconf 86' lang='lat' dir='ltr'>noverat</span> <span class='ocrx_word' id='word_1_145' title='bbox 1604 1948 1792 1992; x_wconf 77' lang='lat' dir='ltr'>artemz</span> 
     </span>
     <span class='ocr_line' id='line_1_25' title="bbox 487 2008 1628 2078; baseline 0.002 -19"><span class='ocrx_word' id='word_1_146' title='bbox 487 2008 692 2060; x_wconf 90' lang='lat' dir='ltr'>mittere</span> <span class='ocrx_word' id='word_1_147' title='bbox 725 2008 815 2075; x_wconf 90' lang='lat' dir='ltr'>qui</span> <span class='ocrx_word' id='word_1_148' title='bbox 846 2017 1050 2077; x_wconf 88' lang='lat' dir='ltr'>poterat</span> <span class='ocrx_word' id='word_1_149' title='bbox 1082 2009 1211 2078; x_wconf 90' lang='lat' dir='ltr'>pila,</span> <span class='ocrx_word' id='word_1_150' title='bbox 1245 2009 1469 2062; x_wconf 88' lang='lat' dir='ltr'>disertus</span> <span class='ocrx_word' id='word_1_151' title='bbox 1501 2019 1628 2062; x_wconf 86' lang='lat' dir='ltr'>erat.</span> 
     </span>
     <span class='ocr_line' id='line_1_26' title="bbox 304 2078 1772 2148; baseline 0.003 -19"><span class='ocrx_word' id='word_1_152' title='bbox 304 2098 384 2137; x_wconf 81' lang='lat'>105</span> <span class='ocrx_word' id='word_1_153' title='bbox 418 2078 534 2145; x_wconf 93' lang='lat' dir='ltr'>quis</span> <span class='ocrx_word' id='word_1_154' title='bbox 566 2087 692 2130; x_wconf 86' lang='lat' dir='ltr'>tunc</span> <span class='ocrx_word' id='word_1_155' title='bbox 723 2088 814 2130; x_wconf 91' lang='lat' dir='ltr'>aut</span> <span class='ocrx_word' id='word_1_156' title='bbox 843 2079 1066 2148; x_wconf 90' lang='lat' dir='ltr'>Hyadas</span> <span class='ocrx_word' id='word_1_157' title='bbox 1097 2090 1186 2132; x_wconf 90' lang='lat' dir='ltr'>aut</span> <span class='ocrx_word' id='word_1_158' title='bbox 1214 2080 1462 2133; x_wconf 83' lang='lat' dir='ltr'>Pleiadas</span> <span class='ocrx_word' id='word_1_159' title='bbox 1492 2081 1772 2134; x_wconf 86' lang='lat' dir='ltr'>Atlanteas</span> 
     </span>
     <span class='ocr_line' id='line_1_27' title="bbox 489 2150 1753 2222; baseline 0.002 -21"><span class='ocrx_word' id='word_1_160' title='bbox 489 2158 746 2212; x_wconf 86' lang='lat' dir='ltr'>senserat,</span> <span class='ocrx_word' id='word_1_161' title='bbox 778 2159 868 2201; x_wconf 91' lang='lat' dir='ltr'>aut</span> <span class='ocrx_word' id='word_1_162' title='bbox 897 2150 1136 2219; x_wconf 88' lang='lat' dir='ltr'>geminos</span> <span class='ocrx_word' id='word_1_163' title='bbox 1167 2170 1280 2203; x_wconf 90' lang='lat' dir='ltr'>esse</span> <span class='ocrx_word' id='word_1_164' title='bbox 1312 2152 1411 2203; x_wconf 90' lang='lat' dir='ltr'>sub</span> <span class='ocrx_word' id='word_1_165' title='bbox 1442 2170 1541 2204; x_wconf 87' lang='lat' dir='ltr'>axe</span> <span class='ocrx_word' id='word_1_166' title='bbox 1571 2153 1753 2222; x_wconf 87' lang='lat' dir='ltr'>polos?</span> 
     </span>
     <span class='ocr_line' id='line_1_28' title="bbox 418 2220 1755 2292; baseline 0.003 -21"><span class='ocrx_word' id='word_1_167' title='bbox 418 2239 532 2272; x_wconf 92' lang='lat' dir='ltr'>esse</span> <span class='ocrx_word' id='word_1_168' title='bbox 564 2221 696 2272; x_wconf 89' lang='lat' dir='ltr'>duas</span> <span class='ocrx_word' id='word_1_169' title='bbox 726 2220 946 2283; x_wconf 90' lang='lat' dir='ltr'>Arctos,</span> <span class='ocrx_word' id='word_1_170' title='bbox 979 2239 1202 2289; x_wconf 76' lang='lat' dir='ltr'>quarum</span> <span class='ocrx_word' id='word_1_171' title='bbox 1235 2220 1514 2292; x_wconf 86' lang='lat' dir='ltr'>Cynosura</span> <span class='ocrx_word' id='word_1_172' title='bbox 1543 2232 1755 2292; x_wconf 89' lang='lat' dir='ltr'>petatur</span> 
     </span>
     <span class='ocr_line' id='line_1_29' title="bbox 490 2289 1616 2353; baseline 0.002 -11"><span class='ocrx_word' id='word_1_173' title='bbox 490 2289 745 2353; x_wconf 83' lang='lat' dir='ltr'>Sidoniis,</span> <span class='ocrx_word' id='word_1_174' title='bbox 778 2291 1002 2344; x_wconf 92' lang='lat' dir='ltr'>Helicen</span> <span class='ocrx_word' id='word_1_175' title='bbox 1035 2291 1200 2345; x_wconf 86' lang='lat' dir='ltr'>Graia</span> <span class='ocrx_word' id='word_1_176' title='bbox 1231 2293 1409 2345; x_wconf 88' lang='lat' dir='ltr'>carina</span> <span class='ocrx_word' id='word_1_177' title='bbox 1439 2294 1616 2346; x_wconf 83' lang='lat' dir='ltr'>notet?</span> 
     </span>
     <span class='ocr_line' id='line_1_30' title="bbox 418 2362 1741 2433; baseline 0.003 -21"><span class='ocrx_word' id='word_1_178' title='bbox 418 2362 673 2431; x_wconf 88' lang='lat' dir='ltr'>signaque</span> <span class='ocrx_word' id='word_1_179' title='bbox 703 2379 839 2429; x_wconf 88' lang='lat' dir='ltr'>quae</span> <span class='ocrx_word' id='word_1_180' title='bbox 868 2363 1028 2431; x_wconf 92' lang='lat' dir='ltr'>longo</span> <span class='ocrx_word' id='word_1_181' title='bbox 1058 2363 1221 2415; x_wconf 87' lang='lat' dir='ltr'>frater</span> <span class='ocrx_word' id='word_1_182' title='bbox 1249 2373 1553 2433; x_wconf 89' lang='lat' dir='ltr'>percenseat</span> <span class='ocrx_word' id='word_1_183' title='bbox 1586 2383 1741 2426; x_wconf 86' lang='lat' dir='ltr'>ann0,</span> 
     </span>
     <span class='ocr_line' id='line_1_31' title="bbox 305 2432 1644 2503; baseline 0.004 -21"><span class='ocrx_word' id='word_1_184' title='bbox 305 2452 386 2490; x_wconf 90' lang='lat'>110</span> <span class='ocrx_word' id='word_1_185' title='bbox 487 2433 562 2484; x_wconf 91' lang='lat' dir='ltr'>ire</span> <span class='ocrx_word' id='word_1_186' title='bbox 593 2451 686 2501; x_wconf 90' lang='lat' dir='ltr'>per</span> <span class='ocrx_word' id='word_1_187' title='bbox 715 2432 846 2485; x_wconf 91' lang='lat' dir='ltr'>haec</span> <span class='ocrx_word' id='word_1_188' title='bbox 877 2450 983 2485; x_wconf 90' lang='lat' dir='ltr'>uno</span> <span class='ocrx_word' id='word_1_189' title='bbox 1012 2452 1192 2486; x_wconf 90' lang='lat' dir='ltr'>mense</span> <span class='ocrx_word' id='word_1_190' title='bbox 1223 2435 1414 2486; x_wconf 90' lang='lat' dir='ltr'>sororis</span> <span class='ocrx_word' id='word_1_191' title='bbox 1446 2436 1644 2503; x_wconf 84' lang='lat' dir='ltr'>equos?</span> 
     </span>
     <span class='ocr_line' id='line_1_32' title="bbox 416 2502 1686 2575; baseline 0.003 -21"><span class='ocrx_word' id='word_1_192' title='bbox 416 2502 581 2555; x_wconf 89' lang='lat' dir='ltr'>libera</span> <span class='ocrx_word' id='word_1_193' title='bbox 612 2503 894 2555; x_wconf 89' lang='lat' dir='ltr'>currebant</span> <span class='ocrx_word' id='word_1_194' title='bbox 922 2522 1029 2556; x_wconf 93' lang='lat' dir='ltr'>non</span> <span class='ocrx_word' id='word_1_195' title='bbox 1060 2504 1337 2557; x_wconf 87' lang='lat' dir='ltr'>observata</span> <span class='ocrx_word' id='word_1_196' title='bbox 1366 2524 1459 2575; x_wconf 92' lang='lat' dir='ltr'>per</span> <span class='ocrx_word' id='word_1_197' title='bbox 1490 2525 1686 2558; x_wconf 91' lang='lat' dir='ltr'>annum</span> 
     </span>
     <span class='ocr_line' id='line_1_33' title="bbox 489 2573 1642 2629; baseline 0.003 -4"><span class='ocrx_word' id='word_1_198' title='bbox 489 2573 683 2626; x_wconf 88' lang='lat' dir='ltr'>sidera:</span> <span class='ocrx_word' id='word_1_199' title='bbox 717 2574 992 2626; x_wconf 84' lang='lat' dir='ltr'>constabat</span> <span class='ocrx_word' id='word_1_200' title='bbox 1023 2575 1115 2628; x_wconf 89' lang='lat' dir='ltr'>sed</span> <span class='ocrx_word' id='word_1_201' title='bbox 1147 2585 1323 2628; x_wconf 87' lang='lat' dir='ltr'>tamen</span> <span class='ocrx_word' id='word_1_202' title='bbox 1355 2594 1468 2629; x_wconf 91' lang='lat' dir='ltr'>esse</span> <span class='ocrx_word' id='word_1_203' title='bbox 1500 2577 1642 2629; x_wconf 89' lang='lat' dir='ltr'>deos.</span> 
     </span>
     <span class='ocr_line' id='line_1_34' title="bbox 415 2645 1543 2716; baseline 0.004 -21"><span class='ocrx_word' id='word_1_204' title='bbox 415 2662 522 2696; x_wconf 89' lang='lat' dir='ltr'>non</span> <span class='ocrx_word' id='word_1_205' title='bbox 551 2645 627 2696; x_wconf 91' lang='lat' dir='ltr'>illi</span> <span class='ocrx_word' id='word_1_206' title='bbox 658 2645 803 2696; x_wconf 91' lang='lat' dir='ltr'>caelo</span> <span class='ocrx_word' id='word_1_207' title='bbox 833 2645 1067 2698; x_wconf 87' lang='lat' dir='ltr'>labentia</span> <span class='ocrx_word' id='word_1_208' title='bbox 1095 2645 1247 2716; x_wconf 89' lang='lat' dir='ltr'>signa</span> <span class='ocrx_word' id='word_1_209' title='bbox 1276 2647 1543 2709; x_wconf 88' lang='lat' dir='ltr'>tenebant,</span> 
     </span>
     <span class='ocr_line' id='line_1_35' title="bbox 490 2715 1822 2787; baseline 0.004 -20"><span class='ocrx_word' id='word_1_210' title='bbox 490 2715 581 2767; x_wconf 88' lang='lat' dir='ltr'>sed</span> <span class='ocrx_word' id='word_1_211' title='bbox 614 2734 732 2767; x_wconf 83' lang='lat' dir='ltr'>sua:</span> <span class='ocrx_word' id='word_1_212' title='bbox 764 2733 900 2783; x_wconf 88' lang='lat' dir='ltr'>quae</span> <span class='ocrx_word' id='word_1_213' title='bbox 930 2735 1185 2786; x_wconf 88' lang='lat' dir='ltr'>magnum</span> <span class='ocrx_word' id='word_1_214' title='bbox 1216 2718 1434 2787; x_wconf 88' lang='lat' dir='ltr'>perdere</span> <span class='ocrx_word' id='word_1_215' title='bbox 1465 2719 1660 2771; x_wconf 89' lang='lat' dir='ltr'>crimen</span> <span class='ocrx_word' id='word_1_216' title='bbox 1692 2727 1822 2773; x_wconf 82' lang='lat' dir='ltr'>erat.</span> 
     </span>
     <span class='ocr_line' id='line_1_36' title="bbox 304 2786 1750 2854; baseline 0 -12"><span class='ocrx_word' id='word_1_217' title='bbox 304 2803 384 2841; x_wconf 83' lang='lat'>115</span> <span class='ocrx_word' id='word_1_218' title='bbox 415 2786 505 2838; x_wconf 90' lang='lat' dir='ltr'>illa</span> <span class='ocrx_word' id='word_1_219' title='bbox 535 2786 748 2854; x_wconf 87' lang='lat' dir='ltr'>quidem</span> <span class='ocrx_word' id='word_1_220' title='bbox 778 2787 959 2840; x_wconf 88' lang='lat' dir='ltr'>faeno:</span> <span class='ocrx_word' id='word_1_221' title='bbox 992 2788 1086 2840; x_wconf 86' lang='lat' dir='ltr'>sed</span> <span class='ocrx_word' id='word_1_222' title='bbox 1117 2798 1227 2841; x_wconf 88' lang='lat' dir='ltr'>erat</span> <span class='ocrx_word' id='word_1_223' title='bbox 1255 2789 1548 2842; x_wconf 89' lang='lat' dir='ltr'>reverentia</span> <span class='ocrx_word' id='word_1_224' title='bbox 1577 2789 1750 2853; x_wconf 84' lang='lat' dir='ltr'>faenO,</span> 
     </span>
     <span class='ocr_line' id='line_1_37' title="bbox 489 2859 1734 2927; baseline 0.003 -18"><span class='ocrx_word' id='word_1_225' title='bbox 489 2866 740 2925; x_wconf 89' lang='lat' dir='ltr'>quantam</span> <span class='ocrx_word' id='word_1_226' title='bbox 770 2875 911 2910; x_wconf 92' lang='lat' dir='ltr'>nunc</span> <span class='ocrx_word' id='word_1_227' title='bbox 942 2859 1145 2927; x_wconf 85' lang='lat' dir='ltr'>aquilas</span> <span class='ocrx_word' id='word_1_228' title='bbox 1176 2860 1344 2912; x_wconf 89' lang='lat' dir='ltr'>cernis</span> <span class='ocrx_word' id='word_1_229' title='bbox 1374 2860 1569 2914; x_wconf 90' lang='lat' dir='ltr'>habere</span> <span class='ocrx_word' id='word_1_230' title='bbox 1601 2870 1734 2913; x_wconf 89' lang='lat' dir='ltr'>tuas.</span> 
     </span>
     <span class='ocr_line' id='line_1_38' title="bbox 415 2928 1698 3002; baseline 0.003 -22"><span class='ocrx_word' id='word_1_231' title='bbox 415 2928 615 2997; x_wconf 89' lang='lat' dir='ltr'>pertica</span> <span class='ocrx_word' id='word_1_232' title='bbox 645 2947 927 2998; x_wconf 90' lang='lat' dir='ltr'>suspensos</span> <span class='ocrx_word' id='word_1_233' title='bbox 957 2930 1202 2999; x_wconf 87' lang='lat' dir='ltr'>portabat</span> <span class='ocrx_word' id='word_1_234' title='bbox 1231 2931 1391 3000; x_wconf 89' lang='lat' dir='ltr'>longa</span> <span class='ocrx_word' id='word_1_235' title='bbox 1422 2932 1698 3002; x_wconf 80' lang='lat' dir='ltr'>manipIOS,</span> 
     </span>
     <span class='ocr_line' id='line_1_39' title="bbox 487 2999 1592 3069; baseline 0.005 -20"><span class='ocrx_word' id='word_1_236' title='bbox 487 2999 628 3051; x_wconf 89' lang='lat' dir='ltr'>unde</span> <span class='ocrx_word' id='word_1_237' title='bbox 658 3000 963 3069; x_wconf 88' lang='lat' dir='ltr'>maniplaris</span> <span class='ocrx_word' id='word_1_238' title='bbox 993 3001 1208 3053; x_wconf 89' lang='lat' dir='ltr'>nomina</span> <span class='ocrx_word' id='word_1_239' title='bbox 1237 3002 1387 3054; x_wconf 89' lang='lat' dir='ltr'>miles</span> <span class='ocrx_word' id='word_1_240' title='bbox 1416 3001 1592 3055; x_wconf 87' lang='lat' dir='ltr'>habet.</span> 
     </span>
     <span class='ocr_line' id='line_1_40' title="bbox 344 3070 1804 3138; baseline 0.005 -18"><span class='ocrx_word' id='word_1_241' title='bbox 344 3102 349 3109; x_wconf 92' lang='lat'>-</span> <span class='ocrx_word' id='word_1_242' title='bbox 417 3087 543 3138; x_wconf 90' lang='lat' dir='ltr'>ergo</span> <span class='ocrx_word' id='word_1_243' title='bbox 575 3070 736 3121; x_wconf 86' lang='lat' dir='ltr'>animi</span> <span class='ocrx_word' id='word_1_244' title='bbox 764 3070 1017 3124; x_wconf 89' lang='lat' dir='ltr'>indociles</span> <span class='ocrx_word' id='word_1_245' title='bbox 1048 3081 1101 3125; x_wconf 88' lang='lat' dir='ltr'>et</span> <span class='ocrx_word' id='word_1_246' title='bbox 1131 3072 1304 3124; x_wconf 89' lang='lat' dir='ltr'>adhuc</span> <span class='ocrx_word' id='word_1_247' title='bbox 1334 3073 1536 3126; x_wconf 87' lang='lat' dir='ltr'>ratione</span> <span class='ocrx_word' id='word_1_248' title='bbox 1568 3083 1804 3127; x_wconf 86' lang='lat' dir='ltr'>carentes</span> 
     </span>
     <span class='ocr_line' id='line_1_41' title="bbox 303 3140 1662 3211; baseline 0.004 -20"><span class='ocrx_word' id='word_1_249' title='bbox 303 3158 385 3197; x_wconf 83' lang='lat'>120</span> <span class='ocrx_word' id='word_1_250' title='bbox 487 3140 756 3193; x_wconf 89' lang='lat' dir='ltr'>mensibus</span> <span class='ocrx_word' id='word_1_251' title='bbox 787 3151 1009 3211; x_wconf 87' lang='lat' dir='ltr'>egerunt</span> <span class='ocrx_word' id='word_1_252' title='bbox 1037 3142 1203 3194; x_wconf 88' lang='lat' dir='ltr'>lu&#39;stra</span> <span class='ocrx_word' id='word_1_253' title='bbox 1232 3143 1435 3195; x_wconf 90' lang='lat' dir='ltr'>minora</span> <span class='ocrx_word' id='word_1_254' title='bbox 1465 3144 1662 3196; x_wconf 89' lang='lat' dir='ltr'>decem.</span> 
     </span>
     <span class='ocr_line' id='line_1_42' title="bbox 416 3211 1882 3283; baseline 0.005 -22"><span class='ocrx_word' id='word_1_255' title='bbox 416 3229 585 3262; x_wconf 88' lang='lat' dir='ltr'>annus</span> <span class='ocrx_word' id='word_1_256' title='bbox 617 3220 750 3273; x_wconf 89' lang='lat' dir='ltr'>erat,</span> <span class='ocrx_word' id='word_1_257' title='bbox 783 3211 1046 3265; x_wconf 90' lang='lat' dir='ltr'>decimum</span> <span class='ocrx_word' id='word_1_258' title='bbox 1077 3230 1197 3265; x_wconf 85' lang='lat' dir='ltr'>curn</span> <span class='ocrx_word' id='word_1_259' title='bbox 1227 3213 1352 3265; x_wconf 89' lang='lat' dir='ltr'>luna</span> <span class='ocrx_word' id='word_1_260' title='bbox 1382 3223 1653 3283; x_wconf 90' lang='lat' dir='ltr'>receperat</span> <span class='ocrx_word' id='word_1_261' title='bbox 1681 3214 1882 3268; x_wconf 83' lang='lat' dir='ltr'>orbem.</span> 
     </span>
     <span class='ocr_line' id='line_1_43' title="bbox 486 3281 1695 3352; baseline 0.002 -19"><span class='ocrx_word' id='word_1_262' title='bbox 486 3281 572 3334; x_wconf 92' lang='lat' dir='ltr'>hic</span> <span class='ocrx_word' id='word_1_263' title='bbox 601 3300 851 3334; x_wconf 89' lang='lat' dir='ltr'>numerus</span> <span class='ocrx_word' id='word_1_264' title='bbox 880 3300 1074 3352; x_wconf 88' lang='lat' dir='ltr'>magno</span> <span class='ocrx_word' id='word_1_265' title='bbox 1106 3292 1231 3335; x_wconf 90' lang='lat' dir='ltr'>tunc</span> <span class='ocrx_word' id='word_1_266' title='bbox 1260 3284 1314 3335; x_wconf 92' lang='lat' dir='ltr'>in</span> <span class='ocrx_word' id='word_1_267' title='bbox 1345 3283 1542 3336; x_wconf 88' lang='lat' dir='ltr'>honore</span> <span class='ocrx_word' id='word_1_268' title='bbox 1572 3284 1695 3347; x_wconf 84' lang='lat' dir='ltr'>fuit3</span> 
     </span>
     <span class='ocr_line' id='line_1_44' title="bbox 416 3351 1848 3423; baseline 0.003 -19"><span class='ocrx_word' id='word_1_269' title='bbox 416 3371 509 3406; x_wconf 91' lang='lat' dir='ltr'>seu</span> <span class='ocrx_word' id='word_1_270' title='bbox 541 3351 665 3420; x_wconf 90' lang='lat' dir='ltr'>quia</span> <span class='ocrx_word' id='word_1_271' title='bbox 694 3360 771 3405; x_wconf 91' lang='lat' dir='ltr'>tot</span> <span class='ocrx_word' id='word_1_272' title='bbox 801 3352 979 3423; x_wconf 87' lang='lat' dir='ltr'>digiti,</span> <span class='ocrx_word' id='word_1_273' title='bbox 1009 3371 1104 3423; x_wconf 90' lang='lat' dir='ltr'>per</span> <span class='ocrx_word' id='word_1_274' title='bbox 1133 3371 1264 3422; x_wconf 91' lang='lat' dir='ltr'>quos</span> <span class='ocrx_word' id='word_1_275' title='bbox 1294 3373 1569 3408; x_wconf 90' lang='lat' dir='ltr'>numerare</span> <span class='ocrx_word' id='word_1_276' title='bbox 1601 3355 1848 3418; x_wconf 76' lang='lat' dir='ltr'>solemUS,</span> 
     </span>
     <span class='ocr_line' id='line_1_45' title="bbox 487 3422 1653 3495; baseline 0.002 -19"><span class='ocrx_word' id='word_1_277' title='bbox 487 3441 580 3476; x_wconf 89' lang='lat' dir='ltr'>seu</span> <span class='ocrx_word' id='word_1_278' title='bbox 612 3422 735 3492; x_wconf 87' lang='lat' dir='ltr'>quia</span> <span class='ocrx_word' id='word_1_279' title='bbox 764 3423 845 3476; x_wconf 92' lang='lat' dir='ltr'>bis</span> <span class='ocrx_word' id='word_1_280' title='bbox 876 3423 1035 3492; x_wconf 92' lang='lat' dir='ltr'>quino</span> <span class='ocrx_word' id='word_1_281' title='bbox 1066 3423 1262 3477; x_wconf 88' lang='lat' dir='ltr'>femina</span> <span class='ocrx_word' id='word_1_282' title='bbox 1291 3443 1469 3478; x_wconf 90' lang='lat' dir='ltr'>mense</span> <span class='ocrx_word' id='word_1_283' title='bbox 1499 3426 1653 3495; x_wconf 88' lang='lat' dir='ltr'>parit,</span> 
     </span>
    </p>
   </div>
   <div class='ocr_carea' id='block_1_3' title="bbox 2156 1681 2158 2384">
    <p class='ocr_par' dir='ltr' id='par_1_3' title="bbox 2156 1681 2158 2384">
     <span class='ocr_line' id='line_1_46' title="bbox 2156 1681 2158 2384; baseline 0 0"><span class='ocrx_word' id='word_1_284' title='bbox 2156 1681 2158 2384; x_wconf 95' lang='lat' dir='ltr'> </span> 
     </span>
    </p>
   </div>
  </div>
 </body>
</html>
