2158 3906
359 338 465 391 280
906 343 961 387 P.
995 341 1202 388 OVIDII
1231 340 1504 388 NASONIS

361 449 670 517 multiplicat
701 455 877 497 tamen
908 443 1048 496 hunc
1078 443 1310 513 gravitas
1341 443 1567 496 auctoris
1598 443 1872 507 honorem,

433 529 483 572 et
514 518 841 569 maiestatem
871 533 953 567 res
985 515 1108 566 data
1138 514 1308 566 dantis
1339 514 1515 567 habet.

361 588 565 642 iudiciis
595 587 755 656 igitur
784 585 937 638 liceat
966 584 1267 652 Flaccoque
1298 584 1496 652 tibique

279 678 333 716 ¹70
437 659 628 711 talibus
660 656 895 726 Augusti
925 665 1131 724 tempus
1162 655 1218 706 in
1247 674 1401 708 omne
1432 655 1552 708 frui.

363 740 420 782 ut
450 740 625 781 tamen
657 747 689 780 a
717 746 894 780 rerum
924 744 1050 779 cura
1081 726 1321 796 propiore
1352 726 1577 790 vacabit,

433 810 557 851 vota
586 816 771 868 precor
801 797 935 850 votis
966 797 1141 849 addite
1172 807 1346 850 vestra
1375 797 1523 850 meis.

364 881 415 924 et
448 870 490 922 si
521 888 678 938 quem
711 868 857 920 dabit
887 887 1016 920 aura
1046 867 1243 929 sinum,
1273 869 1448 920 laxate
1479 867 1745 931 rudenteS,

436 951 589 994 exeat
619 959 647 993 e
680 938 881 1008 Stygiis
911 947 971 990 ut
999 957 1118 991 mea
1146 938 1297 991 navis
1329 937 1496 1006 aquis.
1648 942 1652 949 ’

280 1030 331 1068 75
363 1011 590 1082 praefuit
620 1010 726 1072 his,
761 1009 1046 1071 Graecine‚
1077 1008 1205 1061 locis
1235 1009 1393 1061 modo
1423 1009 1671 1071 FlaccUS,
1703 1017 1755 1062 et
1783 1008 1880 1061 illo

433 1083 548 1152 ripa
577 1081 726 1134 ferox
756 1080 925 1134 Histri
956 1080 1055 1132 sub
1087 1079 1220 1132 duce
1250 1090 1365 1145 tuta
1395 1079 1512 1132 fuit.

363 1154 448 1205 hic
479 1153 646 1206 tenuit
675 1152 861 1220 Mysas
891 1160 1076 1221 gentes
1106 1150 1161 1203 in
1190 1169 1319 1220 pace
1348 1150 1508 1213 fideli,

436 1224 520 1276 hic
552 1241 676 1275 arcu
706 1223 829 1274 fisos
860 1218 1198 1274 terruit'ense
1230 1220 1413 1274 Getas

364 1295 449 1347 hic
479 1304 683 1363 raptam
715 1292 994 1346 Troesmin
1025 1292 1180 1345 celeri
1210 1292 1401 1345 virtute
1430 1293 1628 1362 recepit

279 1382 335 1422 80
436 1365 723 1432 infecitque
755 1363 867 1417 fero
900 1363 1156 1433 sanguine
1186 1362 1512 1416 Danuvium.

367 1455 559 1505 quaere
590 1435 692 1488 loci
721 1435 911 1487 faciem
945 1433 1288 1504 Scythicique
1317 1434 1651 1486 incommoda
1680 1434 1830 1496 caeli,

438 1517 486 1559 et
520 1525 678 1575 quam
708 1505 880 1558 vicino
912 1515 1108 1558 terrear
1137 1504 1310 1566 hoste,
1341 1523 1493 1575 roga:

367 1578 547 1630 sintne>
566 1577 689 1630 litae
721 1586 903 1629 tenues
936 1575 1190 1644 serpentis
1221 1575 1343 1628 felle
1375 1576 1614 1645 sagittae,

437 1649 529 1700 fiat
559 1667 626 1700 an
656 1647 946 1699 humanum
977 1647 1189 1698 victima
1219 1645 1332 1698 dira
1363 1655 1541 1715 caput:

281 1736 335 1776 85
369 1719 613 1780 mentiar,
646 1738 713 1770 an
745 1727 894 1770 coeat
924 1717 1141 1769 duratus
1172 1716 1367 1786 frigore
1397 1717 1620 1778 PontUS‚

439 1800 490 1841 et
522 1798 696 1841 teneat
725 1789 920 1857 glacies
950 1788 1135 1857 iugera
1165 1788 1330 1839 multa
1361 1787 1496 1840 freti.

367 1860 497 1912 haec
530 1859 622 1910 ubi
652 1859 898 1920 narrarit,
930 1877 1066 1926 quae
1098 1858 1163 1910 sit
1193 1877 1311 1910 mea
1340 1857 1509 1920 fama,
1540 1858 1766 1925 require,

439 1949 650 1998 quoque
681 1930 837 1981 modo
867 1947 1120 1998 peragam
1151 1938 1388 1998 tempora
1417 1927 1572 1991 dura,
1603 1946 1748 1998 roga.

366 2020 471 2053 non
504 2019 683 2052 sumus
715 1999 799 2052 hic
830 1999 949 2051 odio
979 2017 1077 2052 nec
1108 1999 1305 2052 scilicet
1335 2017 1449 2053 esse
1478 2017 1758 2062 meremur,

283 2089 336 2127 90
438 2090 535 2125 nec
567 2090 688 2124 cum
718 2070 928 2123 fortuna
958 2089 1106 2123 mens
1138 2088 1348 2138 quoque
1378 2088 1530 2123 versa
1558 2088 1677 2122 mea
1706 2078 1802 2122 est.

366 2144 455 2195 illa
486 2142 635 2210 quies
667 2141 851 2203 animi,
882 2159 1043 2209 quam
1073 2150 1131 2193 tu
1159 2141 1376 2194 laudare
1407 2141 1629 2203 solebaS,

437 2214 524 2266 ille
554 2222 706 2266 vetus
737 2211 890 2265 solito
920 2221 1119 2282 perstat
1147 2212 1201 2264 in
1233 2230 1321 2265 ore
1350 2212 1537 2281 pudor.

368 2284 442 2336 sic
474 2302 573 2353 ego
606 2303 723 2336 sum
752 2284 934 2352 longe,
967 2283 1042 2336 sic
1070 2283 1179 2344 hic,
1211 2283 1304 2335 ubi
1333 2283 1590 2335 barbarus
1620 2282 1802 2346 hostis,

438 2365 497 2406 ut
528 2355 640 2407 fera
669 2355 786 2423 plus
818 2355 1026 2406 valeant
1057 2354 1264 2423 legibus
1295 2373 1464 2416 arma,
1495 2353 1638 2416 facit,

285 2441 337 2480 95
368 2444 479 2478 rem
511 2435 669 2493 queat
697 2434 758 2477 ut
786 2426 985 2476 nullam
1015 2435 1091 2476 tot
1120 2425 1251 2487 iam,
1284 2422 1571 2486 Graecine,
1602 2442 1697 2493 per
1726 2441 1897 2476 annos

440 2496 636 2548 femina
667 2496 732 2548 de
762 2495 914 2547 nobis
946 2495 1090 2547 virve
1121 2513 1318 2564 puerve
1350 2495 1515 2562 queri.

368 2567 468 2618 hoc
499 2566 648 2627 facit,
679 2575 738 2617 ut
768 2566 958 2617 misero
989 2565 1203 2618 faveant
1231 2565 1508 2632 adsintque
1539 2563 1804 2617 Tomitae:

439 2637 569 2689 haec
600 2635 850 2704 quoniam
879 2637 1032 2689 tellus
1064 2635 1390 2688 testificanda
1419 2635 1546 2687 mihi
1577 2645 1672 2687 est.

369 2708 443 2760 illi
473 2726 581 2770 me,
614 2707 739 2775 quia
767 2706 902 2759 velle
932 2707 1136 2769 vident,
1168 2706 1436 2759 discedere
1466 2706 1691 2758 malunt:

257 2793 339 2833 loo
440 2787 682 2847 respectu
713 2778 931 2846 cupiunt
960 2777 1044 2829 hic
1075 2788 1249 2830 tamen
1281 2795 1395 2830 esse
1426 2777 1523 2840 sui.

369 2867 467 2901 nec
496 2848 625 2900 mihi
656 2848 960 2901 credideris:
993 2856 1173 2901 extant
1203 2848 1438 2910 decreta,
1469 2847 1661 2915 quibus
1690 2866 1785 2900 nos

439 2919 621 2971 laudat
651 2928 703 2972 et
732 2920 993 2972 immunes
1022 2919 1236 2989 publica
1266 2938 1386 2972 cera
1415 2918 1557 2971 facit.

370 2990 687 3043 conveniens
718 2990 919 3043 miseris
951 2999 1003 3043 et
1032 3007 1356 3058 quamquam
1384 2989 1553 3059 gloria
1581 3007 1686 3041 non
1718 2988 1809 3041 sitz

440 3061 680 3130 proxima
710 3061 836 3113 dant
865 3060 1016 3113 nobis
1047 3061 1243 3130 oppida
1271 3079 1464 3112 munus
1493 3060 1651 3112 idem.

259 3147 339 3186 105
370 3150 467 3185 nec
497 3132 665 3200 pietas
694 3131 878 3201 ignota
906 3150 1026 3184 mea
1055 3141 1155 3193 est3
1187 3131 1330 3184 videt
1359 3130 1566 3199 hospita
1595 3143 1750 3192 terra,

439 3201 495 3254 in
524 3211 703 3254 nostra
734 3221 941 3254 sacrum
973 3199 1217 3254 Caesaris
1249 3220 1363 3254 esse
1395 3201 1566 3253 domo,

371 3281 508 3325 stant
538 3273 733 3341 pariter
762 3282 1022 3339 natusque
1052 3273 1171 3341 pius
1202 3272 1534 3339 coniunxque
1566 3270 1826 3332 sacerdOS,

440 3342 658 3395 numina
688 3343 794 3395 iam
824 3343 964 3394 facto
995 3360 1101 3394 non
1131 3342 1328 3394 leviora
1358 3341 1473 3393 deo.

369 3433 473 3466 neu
505 3413 638 3466 desit
669 3431 790 3481 pars
820 3413 928 3464 ulla
958 3412 1169 3473 domm,
1201 3421 1303 3464 stat
1334 3421 1553 3478 uterque
1583 3420 1856 3480 nepotum,

255 3501 338 3541 110
440 3483 525 3536 hic
557 3483 704 3536 aviae
734 3482 883 3536 lateri
914 3483 1209 3552 proximUS,
1239 3482 1327 3536 ille
1358 3482 1536 3551 patris.
