2158 3906
362 340 482 393 254⁴
921 348 975 391 P.
1008 347 1214 394 OVIDII
1243 346 1518 393 NASONIS

366 454 543 522 eligito
574 462 780 520 tempus
813 458 1080 519 captatum
1112 468 1269 518 saepe
1299 448 1540 518 rogandi,

253 540 335 579 130
437 531 589 576 exeat
619 522 839 574 adversa
869 540 934 573 ne
966 531 1057 573 tua
1086 521 1235 572 navis
1268 538 1423 588 aqua.

365 613 471 646 non
502 611 708 661 semper
739 610 913 644 sacras
943 591 1415 644 reddunt-oracula
1446 590 1617 652 sortis,

437 665 657 733 ipsaque
686 681 793 714 non
824 662 966 713 omni
996 671 1232 731 tempore
1262 661 1388 714 fana
1418 669 1614 730 patent..

368 753 488 787 cum
521 742 684 785 status
716 733 860 785 urbis
894 733 1014 794 erit,
1045 733 1255 800 qualem
1286 750 1426 784 nunc
1457 749 1689 800 auguror
1718 750 1855 794 esse,

439 814 489 856 et
518 804 694 856 nullus
724 804 907 874 populi
939 803 1209 855 contrahet
1240 821 1331 855 ora
1361 803 1532 856 dolor:

257 892 336 930 135
369 894 490 928 cum
521 875 707 927 domus
738 875 1000 944 Augusti,
1035 872 1266 943 Capitoli
1295 891 1442 925 more
1472 872 1709 935 colenda,

439 947 601 1007 laeta,
634 946 777 1013 quod
808 955 886 997 est
917 954 968 997 et
998 945 1088 1006 sit,
1120 945 1381 1014 plenaque
1411 943 1556 1013 pacis
1589 943 1708 996 erit:

369 1025 483 1069 tum
513 1016 633 1078 tibi,
666 1017 719 1068 di
748 1016 971 1077 faciant,
1003 1015 1231 1067 adeundi
1261 1014 1413 1084 copia
1441 1014 1555 1065 fiat:

439 1087 741 1157 profectura
771 1086 971 1154 aliquid
1001 1097 1114 1138 tum
1143 1096 1235 1138 tua
1265 1085 1428 1138 verba
1456 1094 1626 1154 putes·

341 1188 345 1195 ·
371 1159 415 1210 si
446 1158 572 1226 quid
603 1168 724 1227 aget
754 1158 950 1220 maiuS,
984 1157 1137 1210 differ
1167 1167 1258 1208 tua
1289 1164 1499 1225 coepta,
1530 1171 1765 1223 caveque

260 1245 340 1284 140
444 1249 592 1299 spem
622 1229 919 1281 festinando
950 1228 1297 1298 praecipitare
1329 1245 1518 1280 meam.
1601 1242 1607 1247 ·

370 1319 467 1353 nec
497 1319 676 1352 rursus
706 1301 890 1362 iubeO,
922 1300 1047 1351 dum
1080 1299 1146 1351 sit
1177 1297 1515 1360 vacuissima,
1547 1314 1798 1365 quaeras:

443 1368 673 1440 corporis
704 1371 772 1423 ad
803 1389 983 1423 curam
1015 1370 1104 1422 vix
1134 1378 1287 1422 vacat
1316 1369 1406 1421 illa
1438 1368 1536 1421 sui.

373 1442 549 1494 omnia
580 1461 700 1494 cum
731 1442 969 1511 patribus
1000 1441 1196 1494 fuerint
1226 1441 1418 1509 stipata
1449 1438 1711 1502 verendiS,

444 1532 539 1582 per
567 1532 743 1565 rerum
774 1513 983 1564 turbam
1014 1521 1072 1564 tu
1102 1529 1312 1579 quoque
1343 1519 1548 1580 oportet
1578 1528 1685 1562 eas·

262 1598 340 1636 145
374 1603 495 1637 cum
525 1583 622 1635 tibi
652 1583 929 1653 contigerit
958 1583 1164 1635 vultum
1194 1582 1414 1634 Iunonis
1445 1581 1606 1642 adire,

444 1655 529 1707 fac
559 1654 628 1707 sis
657 1672 937 1723 personae,
969 1671 1129 1721 quam
1159 1662 1362 1712 tueare,
1393 1669 1610 1714 memor,

373 1744 471 1779 nec
501 1725 701 1777 factum
732 1724 956 1778 defende
987 1743 1179 1777 meum.
1255 1724 1395 1775 mala
1425 1741 1586 1775 causa
1616 1721 1816 1775 silenda
1846 1729 1953 1775 est:

445 1796 519 1847 nil
550 1796 651 1847 nisi
682 1796 932 1848 sollicitae
965 1795 1068 1847 sint
1097 1804 1189 1847 tua
1218 1795 1381 1847 verba
1410 1811 1609 1862 preces,

374 1876 488 1919 tum
517 1866 747 1918 lacrimis
779 1866 1038 1918 demenda
1067 1883 1214 1917 mora
1245 1874 1346 1925 est,
1379 1863 1760 1931 summissaque
1791 1871 1934 1917 terra

262 1952 344 1991 150
447 1938 514 1990 ad
544 1955 650 1989 non
678 1936 914 1989 mortalis
944 1935 1191 1988 bracchia
1220 1935 1375 1988 tende
1407 1935 1586 2003 pedes·

375 2017 487 2061 tum
517 2017 637 2078 pete
668 2008 742 2059 nil
772 2007 938 2068 aliud,
970 2025 1127 2060 saevo
1158 2006 1260 2058 nisi
1290 2006 1357 2058 ab
1387 2004 1538 2058 hoste
1568 2004 1837 2058 recedam:

446 2079 651 2132 hostem
681 2078 949 2131 fortunam
980 2077 1046 2130 sit
1076 2078 1200 2130 satis
1231 2095 1345 2129 esse
1375 2076 1519 2128 mihi.

374 2151 529 2221 plura
560 2150 773 2218 quidem
803 2150 1055 2211 subeunt,
1088 2149 1181 2201 sed
1210 2157 1337 2201 tunc
1367 2148 1577 2200 turbata
1605 2147 1793 2202 timore

293 2254 337 2259 <⁴
446 2221 578 2275 haec
609 2239 819 2289 quoque
850 2220 940 2272 vix
968 2220 1163 2290 poteris
1195 2237 1326 2272 voce
1353 2227 1608 2271 tremente
1638 2218 1804 2286 loqui.

264 2306 343 2345 155
377 2293 613 2362 suspicor
643 2292 742 2345 hoc
773 2292 966 2344 damno
998 2291 1113 2343 fore
1140 2308 1248 2343 non
1277 2289 1395 2342 tibi:
1429 2289 1734 2342 sentiet-illa

447 2373 498 2416 te
530 2363 859 2415 maiestatem
886 2361 1219 2432 pertimuisse
1250 2380 1418 2413 suam.

376 2453 497 2496 nec,
528 2444 620 2486 tua
650 2434 693 2485 si
724 2433 851 2485 fletu
881 2433 1185 2485 scindentur
1213 2432 1398 2493 verba,
1429 2430 1661 2483 nocebit:

448 2504 712 2556 interdum
741 2504 988 2556 lacrimae
1019 2503 1254 2572 pondera
1283 2502 1427 2554 vocis
1456 2501 1669 2553 habent.

328 2577 331 2579 ’
377 2575 469 2626 lux
500 2575 658 2627 etiam
689 2574 887 2643 coeptis
918 2573 1077 2626 facito
1108 2573 1248 2625 bona
1277 2572 1471 2625 talibus
1503 2571 1639 2623 adsit

265 2660 347 2700 160
449 2646 682 2713 horaque
714 2644 1029 2698 conveniens
1062 2643 1460 2714 auspiciumque
1490 2642 1692 2695 favens.

380 2717 472 2769 sed
501 2716 646 2786 prius
677 2715 921 2784 imposito
954 2716 1146 2768 sanctis
1177 2714 1428 2766 altaribus
1458 2713 1571 2782 igni

450 2797 567 2840 tura
596 2787 676 2839 fer
707 2787 775 2838 ad
803 2805 1025 2856 magnos
1056 2786 1284 2853 vinaque
1314 2803 1449 2855 pura
1479 2784 1622 2837 deos·

380 2877 407 2911 e
440 2858 631 2927 quibus
663 2866 782 2910 ante
814 2858 982 2909 omnis
1014 2857 1325 2926 Augustum
1354 2874 1553 2908 numen
1583 2854 1746 2907 adora

449 2929 860 2999 progeniemque
889 2929 1031 2998 piam
1061 2927 1477 2997 participemque
1507 2925 1622 2978 tori.

267 3014 347 3053 165
379 3000 483 3052 sint
511 3000 711 3052 utinam
741 3000 893 3052 mites
926 2999 1077 3051 solito
1108 2999 1204 3051 tibi
1235 3017 1404 3060 more,
1436 3006 1659 3064 tuasque

450 3089 556 3123 non
587 3070 729 3123 duris
759 3071 1000 3123 lacrimas
1033 3069 1266 3123 vultibus
1298 3067 1576 3139 aspiciant!

1192 3181 1267 3234 ΙΙ.

381 3282 559 3350 Quam
582 3283 713 3352 legis
738 3302 770 3335 a
790 3282 941 3336 nobis
966 3282 1180 3334 missam
1203 3281 1314 3343 tibi,
1337 3278 1513 3341 Cotta,
1540 3279 1781 3341 salutem,
1811 3275 2092 3318 MAXIMO
2136 3308 2138 3311 -

452 3354 612 3405 missa
643 3353 706 3405 sit
735 3362 792 3405 ut
823 3371 945 3405 vere
976 3351 1376 3421 perveniatque,
1407 3368 1607 3419 precor.
1658 3394 1663 3398 .
1823 3331 2084 3376 COTTAE·

380 3442 609 3492 namque
639 3423 768 3477 meis
801 3440 980 3492 sospes
1011 3422 1236 3474 multum
1267 3420 1583 3474 cruciatibus
1615 3419 1810 3483 aufers,

453 3504 614 3563 utque
647 3494 711 3546 sit
741 3513 769 3547 e
800 3493 951 3547 nobis
982 3512 1103 3563 pars
1134 3492 1272 3545 bona
1302 3491 1473 3555 salva,
1504 3490 1651 3544 facis.
