2158 3906
330 308 436 361 114
622 356 629 361 ,
887 318 941 361 Ρ.
975 315 1182 362 OVIDII
1211 314 1482 360 NASONIS

331 422 462 475 haec
492 422 583 474 ubi
614 420 911 490 perdocuit,
945 424 1207 486 ‘superest
1235 416 1364 467 mihi
1395 416 1635 479 discere,'
1666 415 1776 467 dixi

404 499 521 545 ‘cur
552 493 617 543 sit
649 491 1012 556 Quinquatrus
1043 488 1132 539 illa
1162 497 1348 539 vocata
1379 486 1524 552 dies?

219 580 301 619 695
335 562 609 615 ‘Martius’
640 560 810 628 inquit
842 558 976 628 ‘agit
1005 559 1244 632 taliomea
1273 557 1482 609 nomine
1513 556 1664 616 festa,

406 643 587 700 estque
618 631 715 682 sub
745 629 971 682 inventis
1001 629 1131 682 haec
1161 646 1372 696 quoque
1403 646 1529 680 cura
1557 627 1704 680 meis.

333 704 502 774 prima
532 702 793 754 terebrato
822 718 918 769 per
945 719 1064 752 rara
1093 699 1352 751 foramina
1382 698 1524 750 buxo

405 784 464 825 ut
494 773 661 834 daret,
694 771 869 832 effeci,
901 770 1030 823 tibia
1059 770 1220 839 longa
1251 787 1423 821 sonos·

275 855 277 857 ’
334 863 438 897 vox
467 843 686 912 placuit:
718 841 909 894 faciem
938 841 1150 910 liquidis
1181 839 1529 893 referentibus
1559 839 1716 891 undis

223 933 303 972 700
405 914 512 965 vidi
543 913 806 983 virgineas
835 911 1146 964 intumuisse
1176 929 1358 980 genas·

337 991 462 1037 “ars
493 984 621 1036 mihi
650 1002 757 1035 non
786 983 917 1035 tanti
947 991 1040 1036 est.
1114 982 1315 1044 valeaS,
1346 999 1465 1034 mea
1492 978 1687 1033 tibia1”
1720 978 1848 1031 dixi.

408 1055 602 1125 excipit
633 1054 892 1108 abiectam
923 1053 1152 1123 caespite
1181 1053 1297 1122 ripa
1328 1069 1441 1104 suo·

335 1127 602 1179 inventam
636 1124 857 1195 Satyrus
886 1125 1116 1195 primum
1146 1123 1388 1186 miratur,
1420 1131 1473 1175 et
1501 1141 1658 1174 usum

407 1198 598 1259 nescit,
630 1206 679 1249 et
709 1197 944 1249 inflatam
977 1195 1137 1248 sensit
1167 1194 1361 1247 habere
1392 1211 1598 1255 sonum,

228 1286 306 1325 705
340 1278 390 1322 et
419 1268 576 1320 modo
609 1267 820 1320 dimittit
851 1266 1054 1336 digitis,
1085 1265 1242 1318 modo
1274 1264 1501 1333 concipit
1531 1282 1709 1325 auras3

408 1339 618 1406 iamque
648 1337 784 1391 inter
813 1337 1073 1407 nymphas
1104 1345 1214 1389 arte
1246 1335 1506 1405 superbus
1537 1343 1665 1388 erat.
1770 1341 1775 1344 '

338 1419 587 1481 provocat
618 1419 669 1462 et
698 1408 995 1461 Phoebum.
1069 1406 1290 1460 Phoebo
1322 1413 1602 1476 superante
1632 1404 1906 1474 pependit3

411 1500 563 1534 caesa
591 1488 917 1533 recesserunt
949 1498 981 1531 a
1011 1487 1129 1531 cute
1161 1476 1398 1530 membra
1428 1495 1539 1528 sua.

340 1571 458 1605 sum
489 1562 663 1604 tamen
693 1550 954 1602 inventrix
986 1557 1273 1617 auctorque
1305 1566 1405 1617 ego
1436 1546 1682 1599 carminis
1713 1545 1885 1597 huius.

228 1638 310 1677 710
412 1623 511 1675 hoc
543 1631 645 1684 est,
678 1640 770 1674 cur
799 1629 1004 1674 nostros
1035 1638 1119 1672 ars
1151 1619 1289 1672 colat
1319 1619 1420 1671 ista
1450 1617 1594 1670 dies.’

339 1764 519 1817 Tertia
548 1765 641 1816 lux
672 1762 866 1825 veniet,
898 1780 1003 1830 qua
1032 1770 1114 1824 tu,
1143 1759 1363 1812 Dodoni
1392 1758 1634 1828 Thyone,
1701 1754 1776 1797 14·
1808 1755 1855 1797 Ε

412 1834 572 1888 stabis
603 1833 874 1903 Agenorei
903 1833 1074 1884 fronte
1105 1830 1334 1883 videnda
1364 1829 1527 1881 bovis.
1702 1812 1776 1855 15·
1808 1812 1866 1911 ῙΞ)

340 1906 470 1958 haec
501 1914 579 1958 est
607 1905 696 1957 illa
726 1904 862 1966 dies,
894 1921 1001 1971 qua
1029 1912 1087 1954 tu
1116 1900 1432 1971 purgamina
1461 1901 1678 1962 Vestae,

412 1976 640 2045 Thybri,
671 1994 767 2045 per
796 1973 1050 2026 Etruscas
1078 1972 1134 2025 in
1162 1990 1307 2024 mare
1338 1970 1500 2023 mittis
1533 1988 1713 2038 aquas·

230 2062 309 2101 715
342 2046 383 2099 si
414 2065 520 2114 qua
549 2046 679 2099 fides
710 2045 905 2108 ventiS,
937 2043 1168 2113 zephyro
1200 2043 1322 2095 date
1353 2042 1593 2104 carbasa,
1623 2039 1840 2094 nautae!

415 2137 528 2170 cras
559 2116 734 2170 veniet
763 2115 949 2169 vestris
979 2115 1067 2168 ille
1099 2113 1362 2167 secundus
1393 2112 1562 2182 aquis.

1878 1755 2046 1860 ξῖέᾩ.

1878 1890 1886 1899 .
1896 1868 1943 1911 1?

341 2260 420 2311 At
448 2269 598 2330 pater
627 2257 915 2312 Heliadum
942 2256 1116 2309 radios
1146 2255 1239 2308 ubi
1268 2255 1481 2308 tinxerit
1511 2254 1683 2317 undis,
1849 2249 1925 2294 1⁶²·
1960 2250 2055 2295 GU

415 2340 466 2382 et
497 2331 674 2399 cinget
702 2328 941 2399 geminos
973 2328 1123 2380 stella
1153 2345 1338 2379 serena
1367 2326 1534 2395 poIOS,
1848 2306 1924 2407 ἐξ,
1955 2308 2055 2407 {g

344 2401 490 2454 tollet
521 2401 681 2452 humo
713 2399 913 2451 validos
943 2398 1115 2467 proles
1146 2397 1617 2465 Hyriea-lacertos.
1914 2396 1923 2406 '
2027 2433 2030 2435 -

232 2487 315 2525 720
417 2472 664 2523 continua
693 2469 928 2539 Delphin
958 2478 1112 2520 nocte
1143 2467 1401 2520 videndus
1435 2467 1548 2519 erit.

346 2542 542 2595 scilicet
569 2542 655 2594 hic
686 2541 810 2593 olim
839 2540 1064 2594 Volscos
1097 2539 1421 2606 Aequosque
1452 2537 1664 2606 fugatos

416 2613 618 2665 viderat
647 2612 701 2664 in
733 2611 953 2680 campis,
985 2609 1185 2679 Algida
1215 2618 1377 2671 terra,
1407 2607 1535 2660 tuis:

345 2683 487 2737 unde
519 2682 823 2736 suburbano
854 2682 1049 2742 clarUS,
1081 2679 1340 2742 Tuberte,
1370 2677 1638 2748 triumpho

417 2764 599 2808 vectus
630 2773 686 2807 es
714 2753 771 2804 in
799 2752 988 2814 niveis,
1020 2751 1301 2813 Postume,
1331 2749 1499 2802 victor
1529 2748 1694 2817 equis.

235 2911 316 2949 725
347 2896 464 2948 Iam
495 2915 587 2949 sex
618 2905 668 2948 et
697 2894 914 2948 totidem
943 2894 1087 2946 luces
1119 2892 1184 2946 de
1215 2910 1394 2945 mense
1426 2897 1724 2959 supersunt,
1857 2887 1931 2931 19·
1963 2887 2057 2931 BC*

419 2967 540 3019 huic
571 2986 737 3019 unum
764 2983 983 3018 numero
1013 2973 1071 3016 tu
1100 2973 1278 3016 tamen
1308 2962 1443 3015 adde
1475 2961 1631 3028 diem.

351 3036 443 3091 Sol
475 3037 584 3089 abit
614 3057 645 3089 a
677 3036 941 3097 GeminiS,
974 3044 1023 3088 et
1056 3032 1250 3087 Cancri
1281 3034 1432 3103 signa
1461 3032 1771 3084 rubescunt:

421 3108 592 3178 coepit
620 3107 890 3160 Aventina
919 3106 1099 3158 Pallas
1129 3105 1184 3157 in
1214 3122 1333 3157 arce
1363 3103 1480 3156 coli.

350 3249 466 3301 Iam
488 3258 594 3310 tua,
626 3247 953 3309 Laomedon,
985 3246 1147 3298 oritur
1169 3263 1349 3305 nurus,
1380 3247 1596 3312 ortaque
1622 3251 1830 3296 noctem
1867 3240 1944 3284 20·
1971 3237 2059 3284 00

239 3336 321 3375 730
421 3318 591 3387 pellit,
624 3327 675 3371 et
704 3337 733 3370 e
763 3317 925 3387 pratis
955 3316 1061 3368 uda
1089 3315 1279 3384 pruina
1308 3314 1470 3384 fugitz

352 3389 577 3451 reddita,
609 3387 846 3456 quisquis
875 3388 919 3439 is
951 3395 1051 3448 est,
1086 3385 1378 3439 Summano
1408 3385 1605 3455 templa
1633 3384 1874 3438 feruntur

426 3470 561 3522 tum,
593 3477 713 3512 cum
742 3457 1020 3520 Romanis,
1050 3456 1280 3527 Pyrrhe,
1310 3455 1575 3509 timendus
1606 3474 1739 3509 eras.
