2158 3906
315 287 419 340 154
866 296 919 339 Ρ,
952 294 1158 339 OVIDII
1187 292 1456 339 NASONIS

317 411 435 453 ante
466 399 744 460 volebatis,
774 397 1016 466 gratique
1049 404 1159 448 erat
1189 395 1351 447 instar
1381 395 1610 458 honoris,

386 470 665 524 versibus
652 488 707 520 1n
736 467 925 519 nostiis
955 466 1169 518 nomina
1198 474 1373 518 vestra
1403 466 1524 535 legi.

316 542 460 610 quod
490 540 738 608 quoniam
769 547 847 590 est
876 556 1092 607 ancePS,
1123 536 1260 588 intra
1289 555 1408 588 mea
1438 546 1652 608 pectora
1683 554 1948 605 quemque

233 630 286 667 70
388 612 641 678 adloquar
672 618 724 661 et
753 607 883 660 nulli
913 626 1071 660 causa
1102 607 1302 659 timoris
1334 625 1440 662 ero.

316 701 412 735 nec
442 700 590 733 meus
621 679 813 731 indicio
843 679 1104 731 latitantes
1138 697 1320 731 versus
1351 677 1547 731 amicos

385 750 663 821 protrahit.
697 751 922 812 occulte,
955 749 1000 801 si
1030 748 1146 817 quis
1178 749 1414 811 amabat,
1447 758 1602 811 amet,
1632 779 1703 786 —

316 822 442 875 scite
473 831 674 883 tamen,
705 821 944 889 quamvis
967 821 1135 889 longa
1165 820 1379 888 regione
1409 829 1639 873 lemotus

388 893 577 954 absim,
609 910 702 943 vos
734 891 907 943 animo
939 909 1145 960 semper
1175 890 1360 943 adesse
1389 907 1508 942 meo
1538 920 1609 927 —

234 980 284 1019 75
318 973 368 1016 et
398 981 504 1031 qua
535 962 756 1044 quisque
786 971 983 1031 potest,
1015 961 1192 1029 aliqua
1221 960 1362 1012 mala
1390 969 1570 1013 nostra
1598 961 1784 1023 levate,

387 1034 547 1085 fidam
579 1034 809 1103 proiecto
841 1052 974 1086 neve
1004 1041 1195 1100 negate
1225 1050 1458 1083 manum.

317 1123 567 1175 prospera
599 1104 671 1155 sic
702 1113 912 1156 maneat
943 1103 1092 1155 vobis
1123 1102 1359 1164 fortuna,
1389 1120 1488 1156 nec
1517 1119 1770 1171 umquam

389 1175 612 1228 contacti
647 1174 802 1226 simili
834 1184 970 1257 sorte
1000 1173 1197 1243 rogetis
1227 1173 1384 1226 idem.

1134 1287 1204 1340 V.

316 1387 465 1440 Usus
496 1387 753 1439 amicitiae
784 1395 960 1439 tecum
990 1386 1120 1438 mihi
1150 1404 1369 1455 parvus,
1401 1393 1461 1437 ut
1490 1385 1634 1438 illam

388 1476 495 1511 non
526 1477 682 1526 aegre
712 1476 891 1526 posses
924 1457 1276 1518 dissimulare,
1307 1456 1425 1518 fuit,

318 1547 414 1582 nec
445 1548 529 1581 me
562 1529 865 1598 complexus
897 1529 1081 1580 vinclis
1111 1527 1442 1597 propioribus
1475 1544 1633 1588 esseS,

390 1619 523 1652 nave
556 1619 674 1652 mea
703 1608 884 1659 ventO,
916 1599 1118 1659 forsan,
1151 1607 1307 1650 eunte
1339 1615 1450 1650 suo.

262 1687 287 1725 5
319 1680 377 1722 ut
407 1670 594 1732 cecidi,
626 1669 904 1737 cunctique
935 1679 1079 1722 metu
1107 1669 1293 1738 fugere
1322 1668 1545 1729 ruinam,

390 1759 645 1822 versaque
677 1740 937 1792 amicitiae
967 1749 1116 1808 terga
1147 1739 1337 1792 dedere
1368 1757 1533 1800 meae,

320 1831 478 1864 ausus
510 1831 564 1863 es
595 1812 716 1880 igne
746 1811 890 1863 Iovis
921 1829 1229 1880 percussum
1259 1820 1475 1878 tangere
1507 1827 1696 1878 corpus

391 1892 442 1935 et
473 1883 772 1951 deploratae
803 1882 962 1934 limen
995 1881 1138 1933 adire
1169 1855 1383 1932 domus?

318 1953 478 2021 idque
509 1971 689 2005 recens
720 1961 954 2034 praestas
985 1971 1083 2005 nec
1113 1952 1271 2021 longo
1304 1950 1545 2019 cognitus
1578 1969 1697 2013 usn,

238 2040 289 2079 10
392 2024 534 2091 quod
565 2034 803 2076 veterum
833 2023 1023 2075 misero
1055 2022 1144 2075 vix
1176 2022 1281 2074 duo
1312 2030 1483 2074 tresve
1515 2021 1658 2072 mihi.

320 2095 428 2146 vidi
459 2113 558 2164 ego
590 2094 835 2147 confusos
867 2095 1043 2146 vultus
1075 2093 1320 2160 visosque
1350 2092 1546 2154 notavi,

392 2183 555 2234 osque
585 2166 803 2218 madens
834 2165 962 2217 fletu
991 2164 1341 2234 pallidiusque
1372 2181 1507 2223 mec,

320 2246 372 2290 et
401 2237 641 2289 lacrimas
673 2254 890 2289 cernens
920 2236 976 2287 in
1005 2235 1214 2305 singula
1244 2234 1406 2287 verba
1436 2234 1682 2286 cadentes

391 2325 479 2359 ore
510 2326 627 2359 meo
658 2307 927 2369 lacrimas,
959 2307 1173 2358 auribus
1203 2306 1292 2357 illa
1322 2305 1455 2366 bibi3

237 2394 288 2432 15
320 2378 716 2445 bracchiaque
701 2377 880 2447 accepi
909 2395 1089 2446 presso
1120 2376 1403 2446 pendentia
1433 2376 1582 2437 eollo,

393 2458 445 2502 et
475 2448 772 2518 singultatis
803 2448 983 2501 oscula
1012 2448 1176 2499 mixta
1206 2447 1362 2499 sonis.

323 2539 439 2571 sum
471 2536 706 2587 quoque,
737 2537 894 2611 care&
910 2518 1014 2570 tuis
1046 2518 1294 2599 defensus
1325 2517 1523 2569 viribus
1555 2517 1768 2569 absens:
1799 2546 1871 2556 —-

394 2590 494 2642 scis
527 2589 755 2641 ‘’carum
787 2589 899 2642 veri
928 2588 1152 2641 nominis
1183 2607 1296 2640 esse
1326 2588 1441 2640 loco
1472 2618 1543 2624 —

321 2661 591 2728 multaque
621 2669 892 2729 praeterea
921 2659 1187 2713 manifesti
1216 2659 1368 2729 signa
1397 2658 1591 2710 favoris

236 2748 291 2786 20
393 2731 692 2801 pectoribus
722 2741 875 2784 teneo
905 2749 1012 2783 non
1042 2730 1248 2783 abitura
1279 2729 1425 2782 meiS.

323 2803 375 2854 di
405 2802 524 2864 tibi,
555 2820 709 2883 posse
739 2811 883 2863 tuoe,
913 2802 1168 2864 tribuant,
1200 2801 1483 2854 defendere
1514 2819 1744 2871 semper,

393 2891 525 2941 quos
555 2873 610 2924 111
639 2873 859 2926 materia
887 2872 1215 2954 prosperiore
1245 2872 1410 2926 iuves.

323 2944 368 2996 si
397 2955 575 2996 tamen
602 2944 827 3006 interea,
857 2944 1030 3011 quid
1016 2964 1071 2995 m
1100 2943 1180 2995 his
1212 2961 1311 3013 ego
1341 2941 1576 3023 perditus
1608 2941 1711 2993 oris

393 3014 560 3082 (quod
590 3024 641 3068 te
673 3015 920 3068 credibile
952 3023 1031 3067 est
1061 3015 1363 3082 quaerere),
1394 3013 1626 3081 quaeris,
1659 3031 1839 3081 agam:

238 3101 291 3139 25
325 3105 416 3155 spe
446 3085 625 3137 trahor
655 3085 847 3155 exigua
876 3116 948 3122 —
977 3103 1136 3152 quam
1167 3096 1224 3137 tu
1255 3084 1384 3137 mihi
1413 3084 1622 3136 demere
1653 3083 1760 3134 noli
1789 3113 1877 3144 —,

394 3156 562 3208 tristia
590 3156 740 3208 leniri
769 3156 986 3208 numina
1016 3174 1169 3224 posse
1202 3156 1302 3208 dei.

283 3277 288 3284 ,
325 3246 419 3279 seu
449 3236 643 3279 temere
675 3236 919 3295 expectO,
952 3226 1060 3278 sive
1092 3226 1147 3277 id
1177 3225 1480 3294 contingere
1510 3223 1590 3277 fas
1623 3233 1717 3286 est,

395 3310 454 3348 tu
484 3297 635 3359 mihi,
668 3296 811 3364 quod
842 3297 1020 3365 cupi0,
1052 3296 1156 3358 fae,
1188 3314 1394 3365 precor,
1428 3313 1541 3348 esse
1571 3295 1754 3376 proba,

325 3385 568 3436 quaeque
598 3366 695 3419 tibi
724 3376 803 3420 est
832 3367 1044 3436 linguae
1075 3366 1345 3427 facundia,
1378 3364 1600 3419 confer
1586 3385 1641 3418 1n
1671 3366 1821 3428 illud,

238 3455 295 3494 30
398 3448 457 3491 ut
487 3438 677 3492 doceas
708 3447 889 3492 votum
919 3455 1072 3508 posse
1105 3437 1277 3491 valere
1307 3455 1500 3490 meum.
