2158 3906
0 3480 11 3654 ι

0 3658 6 3714 l
38 3675 41 3677 Α

0 3744 12 3906 ἱ

493 322 811 370 TRISTIUM
838 322 961 368 LIB.
992 322 1076 370 IV.
1107 323 1192 380 IV,
1222 323 1420 381 65-V1‚
1451 324 1521 369 26.

153 434 316 495 utque
345 422 501 486 facis,
533 424 690 478 remis
722 425 790 478 ad
820 443 974 495 opem
1003 425 1202 478 luctare
1231 424 1523 487 ferendam,

225 495 351 548 dum
380 495 556 549 veniet
586 495 793 566 placido
826 495 1030 548 mollior
1060 515 1190 549 aura
1219 496 1344 549 deo:

154 574 206 622 et
235 574 405 622 tutare
436 575 596 636 caput
624 566 755 618 nulli
787 566 1071 629 servabile,
1104 567 1148 619 si
1177 585 1300 630 non,

225 635 316 706 qui
342 636 524 690 mersit
555 636 767 706 Stygia,
800 637 1041 690 sublevet
1070 637 1227 700 illud,
1258 654 1423 706 aqua:

153 716 333 791 teque,
365 707 509 776 quod
539 716 618 761 est
647 727 849 771 rarum,
880 718 1090 777 praesta
1119 716 1418 762 constanter
1448 707 1516 762 ad
1546 726 1703 763 omne

222 777 571 832 indeclinatae
601 797 793 831 munus
825 778 1104 831 amicitiae.

154 849 228 904 sic
257 858 350 902 tua
378 864 655 919 processus
686 848 881 903 habeat
908 848 1121 902 fortuna
1149 869 1424 920 perennes,

223 919 298 974 sic
328 937 428 990 ope
457 938 564 973 non
596 938 753 991 egeas
782 920 922 991 ipse,
951 919 1208 989 iuvesque
1237 931 1373 984 tuos,

153 991 228 1046 sic
258 999 450 1060 aequet
478 1000 571 1045 tua
599 999 767 1062 nupta
794 990 967 1045 virum
996 991 1231 1046 bonitate
1261 991 1497 1063 perenni,

222 1061 421 1115 incidat
451 1070 503 1117 et
532 1071 707 1115 vestro
737 1081 856 1116 rara
885 1062 1100 1131 querela
1130 1072 1261 1116 toro·

153 1132 339 1204 diligat
368 1142 421 1187 et
450 1152 560 1187 sem
600 1151 657 1186 er
686 1133 859 1186 socius
890 1142 942 1187 te
972 1134 1246 1204 sanguinis
1276 1132 1383 1196 illc,

223 1222 329 1274 quo
359 1204 479 1275 pius
509 1222 540 1257 a
584 1213 704 1257 ectu
735 1202 960 1257 Castora
987 1203 1151 1257 frater
1180 1214 1339 1257 amat.

152 1275 228 1329 sic
257 1274 462 1329 iuvenis
492 1274 780 1343 similisque
810 1274 906 1327 tibi
937 1274 1003 1327 sit
1032 1283 1213 1337 natus,
1245 1283 1298 1327 et
1326 1274 1477 1328 illum

222 1345 458 1400 moribus
489 1354 741 1416 agnoscat
771 1345 993 1413 quilibet
1022 1363 1137 1398 esse
1168 1354 1336 1397 tuum.

152 1416 231 1470 sic
258 1414 418 1470 faciat
448 1435 688 1469 socerum
718 1416 873 1469 taeda
901 1424 953 1468 te
982 1425 1107 1468 nata
1137 1414 1319 1486 iugali,

222 1505 322 1541 nec
351 1487 561 1541 tardum
590 1486 767 1540 iuveni
797 1486 885 1540 det
913 1485 1009 1539 tibi
1039 1504 1233 1540 nomen
1263 1484 1374 1539 avii

954 1599 1054 1654 VI.

152 1700 412 1771 Tempore
441 1699 698 1757 ruricolae
727 1698 932 1770 patiens
964 1698 1023 1751 fit
1052 1708 1235 1752 taurus
1267 1698 1445 1763 aratri,

222 1771 440 1843 praebet
469 1780 520 1825 et
550 1771 769 1824 incurvo
801 1770 936 1823 colla
965 1770 1255 1841 premenda
1285 1770 1430 1839 iugc,

151 1849 384 1913 tempore
414 1850 564 1926 paret
594 1859 762 1910 equus
792 1841 945 1895 lentis
975 1841 1242 1894 animosus
1273 1840 1495 1895 habenis

223 1923 275 1968 et
303 1913 511 1984 placido
543 1912 702 1966 duros
733 1912 924 1983 accipit
953 1930 1042 1966 ore
1072 1913 1243 1995 lupos,

153 1992 386 2056 tempore
415 1983 720 2041 Poenorum
750 1983 1099 2054 compescitur
1126 2003 1206 2036 ira
1233 1984 1466 2046 leonum,

221 2074 320 2110 nec
350 2055 529 2109 feritas
567 2054 768 2116 anim0‚
799 2072 936 2123 quae
966 2054 1069 2107 suit
1100 2064 1245 2117 ante,
1275 2063 1470 2108 manet.

152 2143 392 2196 quaeque
423 2125 503 2179 sui
532 2126 685 2179 iussis
717 2125 1046 2196 obtemperat
1074 2125 1211 2178 Inda
1239 2124 1479 2196 magistri

222 2197 404 2261 belua,
435 2197 707 2251 servitium
736 2205 971 2267 tempore
1002 2196 1142 2250 victa
1172 2196 1329 2250 subit.

116 2282 119 2283 ’
151 2277 383 2352 tempUS‚
412 2277 474 2322 ut
501 2267 726 2322 extentis
756 2277 979 2330 tumeat,
1009 2267 1160 2331 facit,
1190 2287 1297 2321 uva
1324 2266 1566 2330 racemi8‚

222 2357 416 2408 v1xque
446 2357 650 2394 merum
681 2339 891 2410 capiant
919 2357 1109 2410 grana,
1140 2338 1284 2407 quod
1313 2339 1456 2391 intus
1486 2338 1701 2393 habent.

153 2420 359 2482 tempus
389 2419 442 2464 et
469 2411 524 2464 in
554 2429 713 2464 canas
745 2429 925 2464 semen
954 2410 1199 2480 producit
1228 2409 1431 2473 aristaS‚

147 2537 152 2544 ,
223 2494 276 2536 et
303 2500 371 2535 ne
402 2482 504 2535 sint
533 2481 670 2535 tristi
699 2500 859 2552 poma
889 2499 1099 2552 sapore,
1130 2481 1272 2534 facit.

153 2551 253 2607 hoe
280 2561 462 2608 tenuat
491 2553 702 2606 dentem
732 2562 896 2606 terras
926 2552 1227 2606 renovantis
1258 2552 1435 2614 aratri,

224 2623 324 2678 hoc
351 2624 549 2694 rigidos
581 2624 776 2687 siliceS,
806 2624 907 2677 hoc
937 2624 1220 2677 adamanta
1249 2623 1387 2677 terit.

154 2693 254 2748 hoc
283 2694 441 2749 etiam
471 2714 654 2748 saevas
684 2695 938 2765 paulatim
967 2695 1174 2765 mitigat
1202 2695 1325 2756 iraS‚

224 2766 323 2819 hoc
352 2765 541 2818 minuit
569 2765 743 2818 luctus
774 2776 1078 2835 maestaque
1108 2766 1267 2827 corda
1295 2766 1453 2819 levat.

156 2847 344 2890 cuncta
372 2845 547 2907 potest
574 2836 736 2905 igitur
765 2836 924 2889 tacito
954 2837 1090 2906 pede
1118 2837 1269 2906 lapsa
1297 2845 1532 2890 vetustas

225 2918 595 2979 praeterquam
625 2925 777 2960 curas
808 2916 1079 2960 attenuare
1107 2926 1270 2960 meas·

156 2987 214 3032 ut
279 2979 411 3032 atria
441 2996 619 3039 careo,
649 2977 731 3030 bis
760 2977 1006 3047 frugibus
1037 2996 1160 3045 area
1188 2977 1312 3031 trita
1341 2986 1437 3040 est,

228 2998 451 3102 dissiluit
479 3048 623 3101 nudo
653 3067 834 3118 pressa
864 3049 944 3101 bis
974 3067 1080 3102 uva
1107 3048 1262 3119 pede.

157 3139 254 3174 nec
284 3120 521 3189 quaesita
550 3130 727 3173 tamen
757 3120 926 3190 spatio
955 3119 1208 3190 patientia
1235 3120 1395 3189 longo
1426 3127 1522 3182 est,

229 3209 481 3261 mensque
510 3192 636 3243 mali
666 3210 880 3244 sensum
907 3201 1086 3244 nostra
1115 3190 1339 3244 recentis
1370 3190 1552 3243 habet.

161 3261 353 3316 scilicet
384 3271 437 3316 et
465 3271 668 3316 veteres
698 3262 911 3332 fugiunt
939 3262 1068 3332 iuga
1098 3281 1257 3333 saepe
1286 3261 1512 3323 iuvenci,

230 3342 282 3385 et
311 3333 538 3386 domitus
568 3333 717 3387 freno
748 3352 906 3404 saepe
934 3343 1197 3404 repugnat
1228 3351 1413 3402 equus·

161 3402 352 3456 tristior
381 3413 459 3458 est
489 3404 648 3458 etiam
677 3423 926 3475 praesens
956 3423 1210 3458 aerumna
1239 3404 1436 3474 priore:

230 3483 287 3527 ut
318 3474 384 3528 sit
413 3475 552 3528 enim
583 3475 683 3528 sibi
711 3495 830 3546 par,
863 3476 1028 3532 crevit
1057 3485 1110 3531 et
1140 3484 1296 3530 aucta
1323 3493 1472 3528 mora
1502 3482 1599 3529 est.

1765 310 1873 366 175

1899 511 1957 551 20

1898 866 1956 906 25

1896 1221 1955 1261 80

1893 2356 1949 2395 10

1895 2711 1949 2750 15

1897 3065 1955 3105 20
