2158 3906
576 339 923 387 FASTORUM
953 338 1074 384 LIB.
1106 339 1190 386 1v.
1222 339 1463 384 835-920.
1813 325 1881 379 79

241 441 514 512 quaeritis,
546 451 597 495 et
628 459 790 510 qaure
823 442 888 495 sit
918 441 1060 495 Iovis
1091 442 1191 494 ista
1220 440 1363 494 dies?

170 513 382 568 Turnus
414 532 482 566 an
512 513 726 566 Aeneas
758 512 945 565 Latiae
976 531 1139 583 gener
1169 522 1306 566 esset
1335 511 1581 575 Amatae,

241 584 437 638 bellum
469 582 887 638 erat:'Etruscas
918 583 1131 636 Turnus
1161 582 1375 653 adoptat
1406 600 1549 652 opes.
1911 598 1997 638 880

172 654 341 709 clarus
373 663 484 708 erat
514 654 842 723 sumptisque
873 654 1022 707 ferox
1052 654 1355 708 Mezentius
1387 653 1564 717 armis,

242 735 293 780 et
323 725 406 779 vel
436 742 573 794 equo
603 743 854 794 magnus,
887 725 971 779 vel
1001 725 1135 795 pede
1165 724 1333 778 maior
1363 734 1489 778 erat.

171 814 327 865 quem
358 795 543 849 Rutuli
573 795 892 864 Turnusque
923 796 1030 849 suis
1062 795 1318 850 asciscere
1348 804 1608 864 temptant

241 867 493 937 partibus.
567 866 699 920 haec
729 876 910 920 contra
940 867 1049 920 dux
1079 867 1154 920 ita
1183 866 1393 920 Tuscus
1422 867 1518 919 ait:

170 942 298 991 ‘stat
329 936 456 991 mihi
484 955 590 991 non
620 955 783 1008 parvo
813 938 978 991 virtus
1008 957 1144 992 mea.
1218 937 1436 991 volnera
1464 946 1627 990 testor
1912 953 1998 993 885

241 1027 515 1078 armaque,
547 1026 684 1077 quae
715 1009 882 1079 sparsi
914 1009 1171 1079 sanguine
1202 1026 1359 1078 saepe
1390 1025 1525 1061 meo.

170 1079 261 1149 qui
290 1079 423 1150 petis
456 1079 734 1142 auxilium,
766 1098 872 1132 non
901 1079 1126 1150 grandia
1156 1078 1332 1132 divide
1363 1097 1572 1132 mecum

241 1150 500 1220 praemia,
530 1150 595 1204 de
625 1150 846 1203 lacubus
877 1150 1119 1221 proxima
1149 1159 1324 1203 musta
1354 1150 1475 1202 tuis.

168 1221 313 1274 nulla
342 1239 489 1274 mora
512 1230 591 1275 est
613 1239 820 1291 operae.
867 1230 1099 1274 vestrum
1124 1230 1204 1273 est
1227 1220 1370 1282 dare,
1401 1221 1611 1273 vincere
1634 1230 1888 1273 nostrum.

239 1308 399 1360 quam
429 1291 556 1344 velit
585 1291 799 1344 Aeneas
830 1291 930 1343 ista
959 1299 1155 1361 negata
1184 1289 1361 1342 mihil'
1909 1306 1998 1346 890

169 1362 460 1415 adnuerant
490 1361 690 1415 Rutuli.
763 1361 1065 1415 Mezentius
1095 1360 1267 1414 induit
1298 1379 1462 1424 arma,

238 1432 406 1486 induit
437 1432 651 1486 Aeneas
682 1432 1089 1501 adloquiturque
1121 1431 1328 1485 Iovem:

169 1502 394 1557 ‘host-ica
422 1502 698 1573 Tyrrheno
729 1512 853 1556 vota
882 1512 961 1557 est
990 1502 1256 1556 vindemia
1286 1503 1422 1573 regi:

236 1574 500 1646 Iuppiter,
531 1592 561 1628 e
591 1573 750 1628 Latio
781 1573 996 1645 palmite
1026 1585 1202 1627 musta
1232 1573 1418 1627 feresl'

167 1653 290 1699 vota
319 1644 493 1700 valent
522 1645 764 1709 meliora3
795 1645 938 1699 cadit
966 1644 1269 1699 Mezentius
1300 1645 1487 1714 ingens
1907 1660 1994 1700 895

239 1725 395 1785 atque
425 1715 720 1787 indignanti
749 1726 962 1788 pectore
991 1717 1197 1800 plangit
1227 1716 1462 1769 humum.

166 1796 383 1841 venerat
412 1787 719 1842 Autumnus
749 1787 962 1842 calcatis
993 1787 1236 1840 sordidus
1267 1787 1408 1840 uvis:

236 1857 528 1912 redduntur
557 1859 742 1913 merito
773 1857 953 1912 debita
982 1858 1105 1911 vina
1135 1858 1269 1912 Iovi.

167 1928 307 1982 dicta
336 1928 448 1983 dies
478 1928 600 1983 hinc
631 1939 709 1984 est
737 1929 974 1984 Vinalia:
1006 1929 1244 2000 Iuppiter
1274 1929 1417 1982 illam

238 2000 469 2061 vindicat
499 2009 551 2055 et
578 1999 725 2054 festis
755 2000 954 2072 gaudet
983 2000 1154 2054 inesse
1185 2000 1310 2053 suis.
1908 2016 1995 2055 900

169 2140 279 2196 Sex
309 2141 425 2204 ubi,
456 2159 591 2212 quae
621 2151 844 2206 restant,
874 2142 1020 2196 luces
1055 2142 1252 2213 Aprilis
1282 2140 1515 2204 habebit,
1560 2195 1629 2240 25
1675 2195 1715 2241 C
1738 2140 1881 2241 13?le
1903 2140 1997 2239 113κῖ

237 2212 291 2265 in
322 2212 495 2266 medio
526 2231 682 2266 cursu
713 2222 952 2283 tempora
980 2213 1117 2267 veris
1148 2222 1317 2274 erunt,

163 2291 220 2338 et
248 2282 443 2337 frustra
471 2284 731 2354 pecudem
761 2302 982 2352 quaeres
1012 2283 1423 2336 Athamantidos
1455 2283 1658 2347 Helles,

238 2353 493 2424 signaque
524 2354 650 2407 dant
679 2354 897 2417 imbreS,
929 2355 1266 2424 exoriturque
1299 2352 1479 2407 Canis.

166 2423 265 2477 hac
298 2425 423 2477 mihi
451 2425 714 2479 Nomento
744 2425 971 2479 Romam
1002 2444 1124 2478 cum
1154 2425 1272 2479 luce
1302 2425 1543 2488 redirem,
1906 2441 1991 2480 905

238 2495 437 2549 obstitit
465 2495 520 2549 in
549 2496 724 2550 media
753 2496 980 2550 candida
1009 2497 1165 2550 turba
1194 2497 1296 2549 via.

165 2564 357 2620 flamen
384 2565 439 2620 in
469 2567 716 2636 antiquae
745 2566 926 2621 lucum
956 2567 1235 2638 Robiginis
1266 2567 1394 2631 ibat,

238 2646 360 2692 exta
389 2638 533 2691 canis
562 2638 811 2702 flammiS,
842 2647 965 2692 exta
995 2638 1214 2692 daturus
1245 2639 1374 2692 ovis·

166 2707 403 2778 protinus
434 2709 655 2772 accessi,
684 2708 815 2763 ritus
844 2728 912 2764 ne
941 2710 1151 2764 nescius
1183 2728 1369 2763 essem.

237 2779 401 2832 edidit
429 2778 559 2833 haec
587 2779 781 2834 flamen
810 2780 998 2845 verba,
1030 2779 1279 2847 Quirine,
1311 2790 1456 2834 tuus:
1906 2797 1992 2836 910

167 2853 380 2920 ‘aspera
407 2849 640 2920 Robigo,
671 2868 857 2921 parcas
889 2848 1199 2904 Cerealibus
1230 2851 1423 2913 herbis,

239 2930 291 2974 et
320 2929 510 2974 tremat
538 2921 593 2973 in
623 2940 830 2974 summa
858 2921 974 2975 leve
1005 2939 1259 2975 cacumen
1288 2921 1466 2974 humo·

166 2999 226 3044 tu
255 2999 370 3045 sata
399 2990 658 3046 sideribus
690 2991 821 3046 caeli
851 2991 1048 3046 nutrita
1077 2992 1296 3046 secundi

239 3080 497 3126 crescere,
528 3062 656 3115 dum
686 3063 814 3116 fiant
843 3062 1069 3116 falcibus
1100 3082 1130 3116 a
1170 3073 1246 3125 ta,
1278 3061 1435 3116 sinas·

167 3130 247 3186 vis
277 3142 370 3187 tua
397 3151 504 3187 non
532 3133 663 3187 levis
695 3143 789 3188 est.
863 3152 1002 3204 quae
1031 3143 1091 3187 tu
1119 3082 1385 3187 Kumenta
1414 3134 1625 3197 notasti,
1907 3151 1992 3191 915

239 3213 470 3258 maestus
498 3204 555 3258 in
584 3205 788 3258 amissis
817 3205 909 3258 illa
937 3205 1154 3259 colonus
1184 3205 1358 3259 habet.

170 3291 268 3329 nec
295 3275 439 3330 venti
468 3284 672 3329 tantum
705 3274 887 3331 Cereri
915 3294 1143 3331 nocuere
1173 3294 1271 3330 nec
1301 3276 1514 3339 imbres,

241 3350 338 3399 nec
368 3345 442 3400 sic
470 3365 764 3401 marmoreo
794 3348 954 3418 pallet
985 3347 1175 3401 adusta
1203 3348 1346 3418 gelu,

173 3425 452 3485 quantum,
484 3417 526 3471 si
557 3418 758 3471 culmos
788 3418 948 3472 Titan
976 3418 1246 3472 incalfacit
1274 3419 1432 3471 udos:

245 3495 370 3541 tunc
398 3489 545 3542 locus
576 3499 656 3543 est
683 3489 817 3554 irae,
850 3489 972 3543 diva
1001 3489 1260 3554 timenda,
1290 3498 1429 3543 tuae.
1913 3505 1997 3543 920
