2158 3906
482 349 833 397 FASTORUM
861 344 983 394 Lrss.
1015 348 1099 396 IV.
1130 349 1373 395 230—317.

149 453 262 515 illa,
293 450 487 520 quibus
517 450 729 521 fugiens
757 451 944 520 Phryx
973 451 1095 521 pius
1123 470 1249 504 usus
1279 460 1407 504 erat.

78 524 222 580 mille
252 540 438 579 manus
470 531 686 585 coeunt,
717 531 769 575 et
798 522 941 592 picta
971 521 1232 575 coloribus
1263 522 1393 574 ustis

151 593 435 648 caelestum
465 592 698 645 Matrem
729 610 962 646 concava
991 593 1184 664 puppis
1214 592 1390 646 habet.

75 665 168 720 illa
197 663 278 717 sui
306 681 404 734 per
430 680 597 731 aquas
627 662 795 716 fertur
824 663 1086 716 tutissima
1114 663 1225 717 nati

148 735 412 805 longaque
440 732 710 787 Phrixeae·
736 742 925 804 stagna
955 734 1146 788 sororis
1176 735 1301 797 adit,

78 804 374 860 Rhoeteum
412 822 479 858 ue
508 823 675 875 rapax
707 802 976 875 Sigeaque
1008 805 1159 858 litora
1189 806 1374 859 transit

149 885 200 929 et
230 875 378 930 Tene
418 894 509 928 um
539 885 592 929 et
621 884 825 930 veteres
855 874 1093 929 Eetionis
1125 894 1268 946 opes.

0 958 2 995 ῑ
75 944 340 1016 Cyclades
372 945 665 1016 excipiunt,
697 946 879 1000 Lesbo
909 956 1030 1017 post
1059 956 1209 1017 terga
1239 947 1436 1010 relicta,

148 1035 390 1086 quaeque
423 1014 694 1088 Carysteis
725 1017 988 1087 frangitur
1016 1017 1160 1070 unda
1190 1018 1356 1071 Vadis.

73 1087 264 1147 transit
294 1097 347 1142 et
375 1087 629 1151 Icarium,
660 1088 836 1158 lapsas
866 1088 960 1140 ubi
984 1087 1218 1170 perdidit
1249 1089 1358 1141 alas

45 1157 51 1167 ’
147 1158 330 1212 Icarus
361 1167 414 1212 et
442 1168 623 1212 vastae
653 1159 868 1212 nomina
897 1158 1022 1211 fecit
1051 1175 1237 1226 aquae.

74 1236 201 1283 tunc
230 1230 383 1283 laeva
413 1226 633 1291 Creten,
665 1229 849 1282 dextra
877 1228 1193 1298 Pelopeidas
1224 1228 1392 1281 undas

0 1329 2 1344 ·
63 1311 66 1314 ’
149 1299 342 1353 deserit
371 1307 446 1360 et,
478 1299 701 1353 Veneris
734 1316 904 1359 sacra,
938 1296 1176 1367 Cythera
1205 1299 1354 1368 petit.

77 1369 198 1425 hinc
229 1388 371 1424 mare
401 1369 756 1431 Trinacrium,
788 1368 1019 1422 candens
1048 1368 1142 1421 ubi
1170 1368 1411 1439 tinguere
1443 1368 1642 1423 ferrum

148 1442 374 1494 Brontes
405 1449 456 1494 et
488 1438 738 1510 Steropes
767 1439 1203 1510 Acmonidesque
1233 1440 1419 1502 solent,

77 1528 413 1581 aequoraque
442 1510 582 1564 Afra
610 1510 762 1581 legit,
795 1509 1107 1579 Sardoaque
1137 1528 1303 1581 regna
1334 1510 1557 1564 sinistris

148 1581 359 1653 respicit
388 1601 420 1635 a
447 1581 630 1645 remis,
663 1581 1065 1649 Ausoniamque
1097 1590 1255 1635 tenet.

73 1653 210 1708 ostia
239 1652 551 1724 contigerat,
582 1670 689 1722 qua
718 1670 775 1706 se
805 1651 1090 1706 Tiberinus
1120 1651 1174 1705 in
1205 1652 1372 1706 altum

149 1723 335 1777 dividit
364 1733 417 1778 et
446 1741 633 1794 campo
663 1723 906 1777 liberiore
936 1732 1099 1776 natat.

73 1794 246 1849 omnis
277 1812 438 1864 eques
467 1795 737 1863 mixtaque
767 1793 945 1864 gravis
976 1812 1098 1847 cum
1128 1794 1282 1865 plebe
1314 1803 1528 1849 senatus

148 1865 336 1919 obvius
367 1865 435 1919 ad
464 1865 627 1919 Tusci
656 1865 886 1919 fluminis
915 1883 1008 1918 ora
1037 1865 1200 1919 venit.

73 1937 369 2008 procedunt
396 1936 594 2007 pariter
621 1946 815 1990 matres
845 1945 1105 2005 nataeque
1135 1954 1408 2005 nurusque

149 2025 392 2076 quaeque
423 2007 602 2060 colunt
631 2016 840 2060 sanctos
870 2007 1170 2077 virginitate
1199 2007 1365 2060 focos.

74 2077 263 2131 sedula
291 2078 418 2132 fune
448 2077 821 2131 viri.contento
851 2077 1099 2131 bracchia
1126 2078 1348 2131 lassant:

148 2148 239 2201 vix
270 2147 411 2201 subit
441 2147 690 2202 adversas
719 2147 930 2218 hospita
964 2147 1115 2201 navis
1145 2165 1328 2216 aquas.

74 2219 218 2274 sicca
248 2219 339 2271 diu
368 2218 751 2283 fuerat‘tellus3
784 2219 894 2272 sitis
924 2227 1128 2272 usserat
1157 2218 1372 2273 herbas:

148 2289 284 2343 sedit
311 2289 497 2342 limoso
527 2308 709 2360 pressa
739 2290 917 2343 carina
946 2290 1102 2343 vado·

15 2356 17 2363 '
74 2359 314 2431 quisquis
345 2360 493 2416 adest
522 2360 692 2430 operi,
722 2361 842 2432 plus
871 2378 1033 2429 quam
1063 2378 1159 2430 pro
1190 2369 1338 2431 parte
1368 2360 1590 2425 laborat,

149 2431 363 2484 adiuvat
393 2440 445 2484 et
473 2430 624 2484 fortis
654 2449 784 2484 voce
815 2439 1035 2485 sonante
1065 2450 1271 2484 manus·

63 2501 167 2556 illa
195 2502 340 2556 velut
368 2501 543 2556 medio
573 2502 774 2555 stabilis
806 2502 953 2556 sedet
983 2501 1157 2555 insula
1186 2511 1364 2573 ponto·

149 2571 352 2626 attoniti
380 2581 614 2627 monstro
645 2582 891 2641 stantque
921 2583 1222 2643 paventque
1252 2573 1367 2626 viri.

78 2641 305 2697 Claudia
328 2641 538 2711 ,Quinta
566 2662 736 2714 genus
768 2642 968 2697 Clauso
998 2644 1262 2699 referebat
1291 2644 1359 2697 ab
1390 2645 1514 2708 alt0,

147 2732 244 2768 nec
274 2714 437 2768 facies
466 2714 639 2785 impar
666 2714 941 2768 nobilitate
972 2714 1096 2768 fuit:

78 2793 222 2839 casta
249 2785 488 2854 quidem,
520 2785 749 2839 sednon
780 2794 834 2838 et
862 2785 1082 2839 credita:
1113 2804 1294 2838 rumor
1323 2786 1537 2855 iniquus

65 2865 70 2889 ⁶
148 2856 395 2919 laeserat,
425 2864 478 2910 et
506 2855 628 2909 falsi
658 2855 889 2909 criminis
919 2865 1038 2909 acta
1066 2875 1158 2909 rea
1188 2866 1283 2910 est.

79 2925 250 2980 cultus
279 2935 332 2980 et
361 2926 557 2979 ornatis
586 2926 731 2981 varie
760 2925 999 2997 prodisse
1029 2926 1231 2996 capillis

66 3038 74 3044 .
150 2996 324 3061 offuit,
354 2997 426 3052 ad
453 2996 652 3068 rigidos
682 3006 1030 3067 promptaque
1060 2998 1244 3067 lingua
1274 3016 1442 3051 senes.

81 3067 287 3123 conscia
314 3087 466 3123 mens
494 3068 626 3122 recti
653 3068 828 3122 famae
858 3067 1135 3121 mendacia
1162 3068 1299 3121 risit:

153 3138 244 3192 sed
272 3156 368 3193 nos
396 3139 453 3192 in
481 3139 670 3192 vitium
698 3138 914 3193 credula
942 3139 1099 3192 turba
1129 3157 1328 3192 sumus.

82 3205 211 3262 haec
238 3208 332 3262 ubi
361 3219 626 3263 castarum
655 3209 911 3280 processit
941 3210 1009 3262 ab
1039 3210 1250 3280 agmine
1280 3219 1509 3264 matrum

153 3287 206 3332 et
231 3280 476 3335 manibus
505 3300 695 3351 puram
725 3280 956 3334 fluminis
986 3280 1163 3333 hausit
1192 3283 1400 3349 aquam,

29 3416 31 3426 ¹
83 3355 162 3403 ter
189 3359 348 3420 caput
375 3351 595 3414 inrorat,
626 3361 706 3405 ter
734 3352 869 3404 tollit
897 3351 953 3403 in
982 3351 1196 3405 aethera
1224 3352 1445 3422 palmas,
1473 3382 1550 3395 —-·

153 3419 470 3491 quicumque
500 3422 784 3493 aspiciunt,
814 3431 989 3476 mente
1019 3440 1198 3476 carere
1227 3432 1415 3491 puta-nt
1444 3453 1517 3464 —

85 3491 467 3561 summissoque
495 3507 639 3563 genu
668 3494 842 3546 voltus
870 3494 926 3545 in
954 3493 1368 3564 imaginexdivae

173 3572 279 3609 Ovidii
297 3574 358 3610 vol.
374 3574 444 3610 III.
1476 3577 1505 3621 5

1720 337 1792 391 65

1821 537 1903 575 275

1821 892 1904 932 280

1779 1224 1781 1226 ’
1819 1247 1902 1285 285

1819 1600 1903 1639 290

1821 1955 1903 1994 295

1820 2309 1904 2348 300

1819 2663 1900 2702 3Οό

1819 3018 1904 3059 310

1820 3373 1902 3412 315
