2158 3906
433 393 522 438 Ex
551 394 767 441 PoNTo
797 394 919 439 ΜΒ.
951 394 1034 441 1v.
1066 394 1198 452 vm,
1230 394 1429 452 71-1x‚
1460 395 1531 439 66.

129 497 486 569 prospicerem
513 496 779 566 gaudens,
810 506 1040 565 quantus
1070 497 1204 550 foret
1236 496 1460 567 agminis
1492 495 1639 559 ord0,

202 566 471 635 densaque
502 583 663 635 quam
692 567 912 637 longum
941 567 1096 620 turba
1127 577 1326 621 teneret
1354 567 1469 621 iter.

133 636 370 711 [quoque
401 637 571 707 magis
601 637 768 700 noris,
798 655 959 706 quam
987 657 1073 692 me
1103 638 1343 708 vulgaria
1372 647 1617 709 tangant:

203 716 521 778 spectarem,
553 707 723 776 qualis
754 727 989 779 purpura
1019 719 1070 762 te
1101 718 1300 779 tegeret
1314 707 1351 780 3]

83 820 85 822 -
129 779 284 850 signa
313 795 525 847 quoque
555 777 610 830 in
641 779 769 832 sella
798 797 1007 832 nossem
1037 779 1263 833 formata
1294 779 1462 833 curuli

77 854 80 862 ’
202 858 254 903 et
283 857 453 902 totum
483 847 748 903 Numidae
780 850 1021 919 sculptile
1053 850 1222 904 dentis
1253 869 1403 921 opus.

128 929 186 975 at
216 938 337 974 cum
366 918 622 990 Tarpeias
653 938 794 974 esses
826 920 1083 974 deductus
1114 921 1168 974 in
1198 940 1362 984 arces,

74 1030 76 1035 ι
202 990 329 1043 dum
360 989 571 1044 caderet
599 990 748 1045 iussu
778 991 990 1044 victima
1022 1010 1169 1045 sacra
1199 1002 1307 1055 tu0,

44 1072 46 1075 ’
77 1066 80 1071 ’
130 1080 214 1116 me
244 1078 458 1131 quoque
488 1071 689 1115 secreto
719 1072 895 1132 grates
927 1062 1026 1115 sibi
1056 1082 1282 1133 magnus
1313 1073 1559 1134 agentem

40 1184 41 1187 ,
70 1143 72 1147 “
203 1132 459 1195 audisset,
491 1133 665 1186 media
694 1133 786 1202 qui
817 1134 964 1187 sedet
994 1134 1147 1196 aede,
1180 1134 1326 1187 deus.

42 1240 45 1242 -
128 1212 354 1273 turaque
382 1212 558 1257 mente
589 1204 759 1274 magis
826 1205 945 1258 lena
974 1222 1136 1273 quam
1165 1205 1314 1258 lance
1347 1204 1609 1258 dedissem

201 1284 281 1329 ter
311 1282 523 1343 quater,
554 1274 759 1345 imperii
788 1223 955 1329 iaetus
987 1275 1183 1328 honore
1215 1276 1307 1327 tui.

129 1345 208 1400 sio
230 1355 340 1416 'ego
370 1355 674 1428 praesentes
705 1345 841 1399 inter
870 1364 1174 1399 numerarer
1205 1346 1419 1409 amicos,

201 1415 351 1469 mitia
379 1434 462 1469 1us
492 1416 638 1469 urbis
669 1417 713 1469 si
743 1417 900 1469 modo
931 1417 1042 1469 fata
1072 1416 1281 1470 darent:

125 1502 373 1557 quaeque
403 1486 531 1539 mihi
562 1487 674 1540 sola
704 1487 909 1557 capitur
938 1505 1078 1540 nunc
1110 1496 1283 1540 mente
1316 1488 1576 1558 voluptas,

201 1566 327 1611 tunc
357 1558 522 1611 oculis
553 1557 722 1640 etiam·
740 1557 1080 1628 percipienda
1110 1557 1261 1610 foret.

14 1645 43 1695 ¹I
126 1646 235 1683 non
263 1628 338 1682 ita
368 1627 643 1682 caelitibus
674 1647 844 1681 visum
877 1639 979 1691 est,
1010 1658 1082 1665 -—
1111 1638 1163 1681 et
1193 1628 1413 1681 forsitan
1444 1626 1653 1697 aequis!

199 1718 323 1753 nam
353 1699 483 1768 quid
513 1717 597 1753 me
627 1717 830 1769 poenae
861 1718 1021 1753 causa
1051 1709 1245 1769 negata
1275 1699 1450 1752 iuvet?

127 1780 303 1825 mente
334 1779 534 1833 tamen,
565 1788 702 1840 quae
733 1770 845 1824 sola
874 1771 989 1824 loco
1023 1788 1129 1823 non
1160 1771 1363 1832 exulat,
1393 1780 1534 1831 utar3

200 1849 528 1912 praetextam
556 1840 728 1895 fasces
759 1841 1116 1913 aspiciamque
1147 1853 1281 1894 tuos.

128 1913 260 1967 haec
290 1911 447 1966 modo
477 1922 529 1966 te
558 1930 628 1983 po
668 1912 756 1965 ulo
787 1913 1093 1967 reddentem
1124 1912 1238 1964 iura
1270 1911 1468 1965 videbit

201 1993 254 2037 et
283 2002 340 2037 se
371 1982 592 2036 decretis
660 1993 787 2053 nget
817 1984 1001 2037 adesse
1032 1982 1159 2035 tuis:

56 2055 58 2057 ’
126 2073 271 2109 nunc
299 2054 446 2125 longi
474 2053 671 2107 reditus
702 2054 883 2107 hastae
915 2072 1212 2125 supponere
1242 2053 1392 2106 lustri

203 2134 390 2179 cernet
411 2134 462 2179 et
492 2133 679 2179 exacta
707 2135 897 2178 cuncta
926 2125 1098 2178 locare
1130 2125 1259 2177 fide:

129 2215 272 2251 nunc
301 2195 476 2250 facere
506 2196 562 2248 in
590 2196 766 2249 medio
796 2195 1085 2249 facundum
1117 2195 1279 2249 verba
1311 2204 1513 2259 senatu,

201 2267 414 2338 publica
443 2276 783 2336 quaerentem
812 2267 942 2335 quid
972 2276 1116 2336 petat
1145 2266 1365 2319 utilitas:

126 2357 272 2392 nunc
300 2356 396 2409 pro
429 2335 747 2392 Caesaribus
779 2338 981 2408 superis
1013 2338 1294 2391 decernere
1324 2347 1519 2407 grates,

57 2462 60 2467 .
201 2409 388 2463 albave
418 2408 713 2480 opimorum
746 2409 881 2462 colla
909 2408 1064 2462 ferire
1097 2409 1273 2461 boum.

58 2512 62 2514 -
129 2490 295 2550 atque‘
318 2480 545 2542 utinam,
577 2498 699 2533 cum
729 2481 834 2533 iam
864 2479 1026 2533 fueris
1057 2479 1261 2550 potiora
1291 2488 1552 2587 precatuS‚

201 2561 259 2604 ut
289 2551 418 2604 mihi
483 2551 684 2605 lacetur
713 2551 961 2621 principis
991 2551 1093 2612 ira,
1125 2569 1303 2620 rogeS.

0 2630 47 2699 ς]
129 2622 315 2692 surgat
345 2622 413 2675 ad
481 2640 579 2675 ano
608 2640 792 2676 vocem
823 2622 979 2692 plena
1009 2622 1126 2692 pius
1157 2621 1294 2691 ignis
1325 2621 1393 2673 ab
1425 2640 1532 2684 ara,

204 2693 397 2761 detque
427 2692 624 2745 bonum
655 2704 776 2745 voto
806 2693 1012 2746 lucidus
1043 2711 1198 2745 omen
1230 2711 1382 2762 apex.

13 2822 19 2830 ,
48 2759 49 2763 ¹
128 2760 356 2827 interea,
387 2781 494 2832 qua
522 2772 672 2834 parte
701 2764 847 2825 licet,
878 2783 944 2816 ne
977 2775 1167 2816 cuncta
1197 2781 1498 2831 queramur,

203 2834 290 2887 hic
319 2851 532 2903 quoque
560 2842 612 2887 te
641 2833 837 2887 festum
868 2834 1082 2886 consule
1112 2844 1320 2903 tempus
1352 2852 1526 2902 agam.

12 2894 46 2965 {⁴⁸
129 2906 298 2960 altera
326 2904 555 2958 laetitiae
586 2914 665 2957 est
694 2922 793 2958 nec
823 2904 1014 2958 cedens
1044 2923 1205 2957 causa
1233 2903 1417 2972 priori:

206 2994 476 3046 successor
506 2976 638 3028 tanti
667 2974 829 3028 frater
858 2975 1069 3027 honoris
1102 2975 1213 3028 erit.

132 3066 260 3101 nam
289 3047 385 3099 tibi
414 3047 620 3099 finitum
651 3064 881 3107 summ0‚
914 3044 1202 3107 Graecine,
1239 3044 1527 3097 Decembri

206 3118 487 3188 imperium
514 3117 633 3170 Iani
662 3117 880 3186 suscipit
909 3117 996 3169 ille
1028 3116 1128 3169 die.

132 3207 380 3258 quaeque
410 3198 490 3243 est
517 3188 572 3241 in
602 3188 751 3241 vobis
782 3188 973 3258 pietas,
1004 3188 1203 3240 alterna
1233 3186 1411 3240 feretis

208 3260 429 3330 gaudia,
459 3269 518 3312 tu
547 3259 722 3312 fratris
752 3259 1009 3321 fascibuS,
1040 3259 1126 3312 ille
1156 3259 1276 3311 tuis.

136 3330 214 3384 sic
244 3342 303 3384 tu
332 3330 413 3383 bis
443 3330 605 3384 fueris
637 3331 842 3391 consul,
877 3330 955 3382 bis
986 3330 1170 3383 consul
1201 3340 1252 3382 et
1281 3329 1385 3390 ille,

210 3401 371 3470 inque
402 3400 558 3454 do'mo
589 3402 762 3454 bimus
794 3401 1145 3471 conspicietur
1178 3401 1360 3453 honor.

135 3472 233 3542 qui
262 3484 584 3541 quamquam
615 3481 692 3526 est
722 3473 934 3543 ingens»,
965 3482 1016 3525 et
1047 3473 1250 3525 nullum
1281 3471 1478 3524 Martia
1509 3489 1717 3524 summo

217 3542 373 3596 altius
403 3543 680 3612 imperium
711 3544 923 3597 consule
954 3543 1125 3596 Roma
1155 3543 1315 3606 videt,

1734 381 1842 435 279

1872 652 1928 693 25

1874 1006 1930 1046 30

1875 1362 1930 1401 35

1876 1717 1931 1755 40

1872 2070 1928 2110 45

1873 2425 1930 2465 50

1873 2779 1928 2818 55

1877 3135 1932 3173 60

1878 3488 1930 3526 65
