2158 3906
513 343 862 390 FASTORUM
891 344 1011 389 LIB.
1047 345 1128 392 VI.
1160 346 1402 392 430-516.
1711 337 1814 390 109

102 446 243 510 Iam,
273 444 484 516 Phryx,
515 465 546 499 a
575 455 741 516 nupta
771 447 1030 515 quereris,
1062 446 1311 512 Tithone,
1345 449 1586 519 relinqui,
1719 448 1788 491 11-
1820 449 1864 491 B

175 526 226 572 et
255 516 384 587 vigil
414 515 543 569 Eois
575 516 796 570 Lucifer
826 518 931 569 exit
963 518 1135 586 aquis:
1650 505 1847 550 MATR
1858 505 1936 548 ’Ν

103 587 200 651 ite,
231 587 400 641 bonae
431 595 648 650 matres,
678 617 750 625 -
779 598 1012 640 vestrum
1044 589 1293 642 Matralia
1323 590 1516 644 festum
1546 620 1619 630 —
1842 607 1925 646 475

173 658 415 727 flavaque
445 657 733 711 Thebanae
765 658 966 711 reddite
997 658 1106 712 liba
1136 660 1281 713 deae.

103 728 351 802 pontibus
382 737 434 782 et
462 747 656 798 magno
687 728 865 782 iuncta
895 739 974 783 est
1004 730 1344 784 celeberrima
1375 730 1531 787 Circo

56 801 61 807 “
175 818 320 863 area,
351 817 486 869 quae
517 800 686 870 posito
718 800 783 853 de
815 800 950 854 bove
980 819 1172 854 nomen
1204 802 1379 856 habet.

103 869 203 925 hac
231 870 305 923 ibi
333 870 452 925 luce
481 869 659 924 ferunt
688 870 932 925 Matutae
964 890 1111 924 sacra
1141 875 1347 942 parenti

174 941 505 1012 sceptriferas
539 940 692 995 Servi
723 942 919 1012 templa
950 943 1155 996 dedisse
1187 963 1390 998 manus.
1841 963 1928 1003 480

100 1029 239 1083 quae
270 1012 370 1066 dea
400 1012 491 1075 sit,
522 1030 685 1081 quare
716 1013 942 1066 famulas
974 1033 1005 1066 a
1034 1014 1211 1067 limine
1243 1017 1423 1086 templi

55 1091 66 1098 ”
173 1091 349 1137 arceat
379 1081 547 1151 (arcet
577 1084 735 1149 enim)
766 1084 978 1153 libaque
1009 1094 1145 1137 tosta
1175 1088 1351 1155 petat?

52 1146 72 1224 'f
99 1153 338 1217 Bacche,
370 1154 705 1208 racemiferos
736 1154 931 1208 hedera
961 1155 1199 1208 redimite
1232 1157 1465 1226 capillos,

57 1286 73 1294 η·
172 1224 216 1278 si
246 1224 434 1278 domus
464 1225 554 1281 illa
584 1234 676 1278 tua
706 1235 808 1287 est,
840 1225 1007 1294 dirige
1039 1225 1173 1278 vatis
1205 1244 1355 1308 opus.

12 1347 13 1350 ,
54 1305 299 1354 &arserat
330 1295 582 1364 obsequio
615 1295 824 1350 Semele
855 1296 1015 1348 Iovis.
1090 1296 1278 1365 accip1t
1312 1297 1408 1349 Ino
1809 1332 1813 1339 ι
1840 1316 1923 1356 485

12 1391 14 1398 “
171 1375 247 1429 te,
278 1384 433 1436 puer,
466 1375 517 1419 et
547 1384 753 1420 summa
784 1366 966 1418 sedula
997 1366 1160 1418 nutrit
1190 1384 1305 1437 ope.

13 1434 14 1440 ¹
63 1499 73 1502 Π
97 1436 346 1492 intumuit
376 1436 538 1499 Iunc,
566 1447 717 1507 rapta
748 1437 892 1505 quod
923 1437 1121 1507 paelice
1152 1449 1336 1490 natum

172 1507 374 1562 educet.
449 1516 502 1560 at
534 1507 748 1578 sanguis
779 1507 865 1560 ille
897 1508 1087 1560 sororis
1120 1519 1246 1560 erat.

12 1582 14 1589 ’
98 1576 222 1632 hinc
252 1578 428 1649 agitur
455 1577 631 1631 Furiis
661 1578 922 1631 Athamas
954 1590 1005 1631 et
1037 1578 1265 1649 imagine
1299 1580 1447 1642 falsa,

171 1658 335 1718 tuque
365 1648 509 1702 cadis
540 1649 732 1720 patria,
767 1668 928 1719 parve
960 1649 1224 1710 Learche,
1257 1670 1434 1704 manu.
1840 1668 1926 1709 490

69 1751 71 1753 ·
101 1729 303 1775 maesta
332 1719 633 1774 Learcheas
665 1731 832 1774 mater
862 1721 1213 1774 tumulaverat
1246 1722 1460 1775 umbras

172 1800 223 1846 et
253 1790 470 1846 dederat
498 1791 700 1845 miseris
733 1791 909 1845 omnia
939 1792 1075 1844 iusta
1107 1793 1264 1862 rogis.

99 1861 230 1916 haec
259 1880 495 1932 quoque,
526 1862 764 1917 funestos
795 1872 854 1916 ut
884 1874 995 1916 erat
1025 1864 1220 1916 laniata
1251 1864 1484 1934 capillos,

169 1932 373 2004 prosilit
402 1942 455 1988 et
483 1933 632 1987 cunis
662 1943 737 1995 te,
768 1933 1070 1997 Melicerta,
1101 1935 1254 2005 rapit.

97 2014 180 2059 est
210 2004 379 2075 spatio
410 2013 678 2059 contracta
707 2004 879 2067 brevi,
909 2005 1044 2058 freta
1074 2005 1198 2058 bina
1228 2006 1431 2076 repellit
1839 2025 1923 2065 495

169 2093 381 2144 unaque
411 2076 652 2146 pulsatur
681 2084 819 2129 terra
849 2076 1055 2128 duabus
1088 2076 1255 2145 aquis.

98 2144 205 2199 huc
234 2146 378 2200 venit
403 2146 603 2199 ‘insanis
633 2156 817 2199 natum
848 2147 1124 2217 complexa
1153 2148 1361 2200 lacertis

171 2225 223 2270 et
253 2235 434 2270 secum
464 2237 530 2271 ex
560 2217 699 2271 celso
730 2218 888 2270 mittit
917 2218 971 2270 in
1002 2218 1109 2270 alta
1138 2218 1281 2288 iugc.

95 2287 293 2359 excipit
313 2288 546 2342 inlaesos
576 2288 796 2359 Panope
828 2298 1145 2357 centumque
1176 2307 1398 2350 sororeS,

170 2368 223 2412 et
251 2358 458 2430 placido
487 2360 639 2430 lapsu
669 2378 764 2430 per
793 2379 890 2412 sua
919 2379 1084 2430 regna
1114 2360 1306 2413 ferunt.
1838 2382 1923 2422 500

66 2429 332 2495 ‘nondum
363 2429 695 2493 Leucothea,
725 2431 961 2484 nondum
990 2450 1124 2501 puer
1152 2432 1239 2484 ille
1270 2431 1562 2486 Palaemon

54 2505 95 2521 *²
170 2501 454 2555 vorticibus
485 2501 633 2555 densi
662 2502 950 2571 Thybridis
982 2520 1074 2554 ora
1103 2512 1299 2556 tenent.

95 2571 248 2626 lucus
279 2582 412 2627 erat:
445 2573 691 2635 dubium,
724 2573 965 2628 Semelae
999 2572 1324 2627 Stimulaene
1355 2584 1596 2639 vocetur3

81 2679 83 2682 -
169 2643 461 2697 Maenadas
492 2644 762 2697 Ausonias
792 2645 1072 2698 incoluisse
1103 2645 1295 2698 ferunt.

95 2714 302 2783 quaerit
331 2714 399 2767 ab
429 2714 511 2768 his
540 2715 664 2778 In0‚
696 2733 833 2784 quae
863 2734 994 2785 gens
1024 2716 1175 2768 foret.
1250 2716 1492 2770 Arcadas
1524 2735 1641 2772 esse
1834 2739 1917 2776 505

173 2784 341 2848 audit,
372 2794 424 2839 et
452 2784 764 2840 Euandrum
798 2796 1003 2856 sceptra
1032 2796 1209 2840 tenere
1240 2787 1358 2839 loci.

97 2855 426 2910 dissimulata
456 2857 609 2911 deam
640 2856 824 2909 Latias
858 2856 1107 2911 Saturnia
1138 2858 1363 2910 bacchas

169 2927 459 2980 instimulat
488 2927 623 2980 fictis
653 2927 904 2980 insidiosa
934 2928 1097 2980 sonis:

98 3002 156 3052 ‘o
184 2997 405 3051 nimium
435 2998 641 3062 faciles,
673 3016 702 3051 o
733 3007 842 3051 toto
873 3008 1083 3068 pectore
1114 2998 1321 3068 captae!

170 3087 276 3122 non
306 3068 451 3122 venit
479 3069 610 3122 haec
639 3069 829 3123 nostris
860 3070 1050 3140 hospes
1081 3070 1252 3122 amica
1282 3069 1471 3124 choris.
1833 3093 1920 3132 510

98 3138 285 3194 fraude
315 3140 445 3211 petit
474 3140 711 3209 sacrique
742 3150 893 3211 parat
921 3159 1238 3211 cognoscere
1269 3141 1443 3193 ritum.

171 3228 277 3280 quo
306 3211 470 3282 possit
498 3230 694 3282 poenas
724 3213 976 3282 pendere,
1009 3212 1202 3282 pignus
1234 3211 1426 3265 habet.'

101 3280 191 3354 yix
219 3281 353 3337 bene
383 3283 633 3336 desierat:
665 3284 926 3354 complent
957 3283 1245 3335 ululatibus
1276 3302 1431 3336 auras

173 3351 462 3423 Thyiades,
493 3354 674 3408 effusis
704 3374 798 3425 per
829 3374 924 3407 sua
955 3355 1088 3407 colla
1119 3354 1300 3418 comis,

98 3420 422 3491 iniciuntque
450 3444 638 3478 manus
667 3444 995 3496 puerumque
1025 3426 1276 3479 revellere
1307 3436 1566 3497 pugnant.
1833 3447 1917 3485 515

129 3537 132 3540 Δ
173 3510 305 3562 quos
334 3494 541 3563 ignorat
572 3495 767 3560 adhuc,
798 3497 1008 3550 invocat
1036 3497 1127 3549 illa
1158 3496 1307 3550 deos:
