2158 3906
356 312 432 364 ἾΟ
910 320 965 364 P.
999 318 1204 364 OVIDII
1233 316 1503 363 NASONIS

365 424 470 476 alta
500 425 633 476 iacet
663 422 797 474 vasti
827 438 986 489 super
1016 438 1108 472 ora
1136 419 1420 489 Typhoeos
1451 419 1645 481 Aetne,

437 495 583 546 cuius
616 492 870 545 anhelatis
900 490 1111 559 ignibus
1144 490 1292 543 ardet
1321 489 1528 541 humus.

364 565 468 616 illic
499 563 735 616 accendit
764 561 1002 630 geminas
1032 579 1126 631 pro
1156 560 1399 630 lampade
1429 561 1584 630 pinus
1614 590 1686 596 —

435 635 554 686 hinc
588 632 795 685 Cereiis
827 631 986 684 sacris
1017 650 1159 684 nunc
1189 649 1399 714 quo-que
1428 631 1582 684 taeda
1613 631 1782 683 datur.

244 721 333 760 495
366 714 443 758 est
475 723 661 773 specus
694 703 836 755 exesi
866 711 1129 755 structura
1157 702 1382 772 pumicis
1414 721 1583 771 asper,

435 793 541 826 non
572 773 770 825 homini
799 773 995 835 facilis,
1026 791 1133 825 non
1163 772 1407 825 adeunda
1436 772 1604 825 ferae:

365 864 469 914 quo
501 845 655 897 simul
686 862 747 896 ac
779 844 946 906 venit,
978 843 1208 897 frenatos
1240 843 1480 896 curribus
1511 861 1712 912 angues

434 915 607 984 iungit
637 924 687 967 et
718 933 1006 983 aequoreas
1038 915 1176 967 sicca
1205 922 1439 983 pererrat
1468 931 1649 981 aquas·

366 986 551 1055 effugit
582 995 633 1038 et
666 985 850 1054 Syrtes
882 995 934 1038 et
963 995 1038 1047 te,
1073 985 1334 1037 Zanclaea
1366 983 1682 1053 Charybdis,

248 1074 335 1112 500
441 1070 492 1109 et
522 1075 641 1118 VOS,
672 1056 876 1118 Nisaei,
908 1056 1170 1125 naufraga
1199 1065 1455 1117 monstra,
1487 1073 1661 1116 caneS‚

364 1128 798 1195 Hadriacumque
829 1136 1013 1196 patens
1043 1127 1171 1188 late,
1202 1126 1562 1193 bimaremque
1595 1123 1927 1178 Corinthum.

438 1199 511 1250 sic
542 1199 685 1251 venit
715 1198 782 1250 ad
811 1207 1016 1266 portUS,
1049 1166 1230 1250 Attica
1259 1206 1421 1259 terra,
1452 1206 1587 1248 tuos.

366 1269 452 1321 hic
482 1270 710 1338 primum
740 1269 874 1321 sedit
902 1268 1078 1338 gelido
1108 1267 1455 1322 maestissima
1472 1285 1630 1319 saxo,

436 1340 568 1392 illud
600 1338 928 1409 Cecropidae
958 1358 1098 1392 nunc
1129 1356 1341 1407 quoque
1371 1337 1566 1391 ‘triste'
1599 1346 1806 1389 vocant.

251 1426 334 1466 505
367 1411 465 1463 sub
495 1411 624 1463 Iove
655 1410 864 1462 duravit
893 1410 1070 1462 multis
1101 1410 1299 1462 inmota
1330 1407 1517 1462 diebus

438 1490 490 1535 et
518 1482 674 1534 lunae
706 1481 910 1550 patiens
942 1491 994 1533 et
1023 1479 1267 1550 pluvialis
1299 1497 1485 1548 aquae.

368 1552 476 1604 fors
507 1571 603 1604 sua
633 1553 822 1620 cuique
853 1552 969 1604 loco
1000 1560 1094 1604 est.
1169 1568 1274 1619 quo
1305 1569 1446 1603 nunc
1477 1547 1711 1603 Cerealis
1743 1547 1983 1610 Eleusin,

439 1623 629 1674 dicitur
658 1622 758 1675 hoc
790 1621 938 1675 Celei
967 1641 1090 1674 rura
1120 1621 1283 1674 fuisse
1314 1621 1469 1674 senis·

368 1694 454 1746 ille
488 1694 704 1745 domum
733 1693 953 1763 glandes
985 1710 1310 1760 excussaque
1341 1710 1488 1744 mora
1518 1688 1717 1744 rubetis

248 1780 338 1819 510
438 1773 612 1834 portat
643 1774 694 1817 et
726 1765 920 1816 arsuris
951 1764 1095 1816 arida
1125 1763 1269 1833 ligna
1298 1762 1446 1816 focis.

368 1836 475 1888 filia
504 1854 670 1904 parva
700 1835 831 1887 duas
862 1835 1134 1917 redigebat
1163 1843 1341 1887 monte
1372 1833 1618 1903 capellaS,

441 1914 492 1958 et
522 1915 669 1959 tener
698 1905 754 1957 in
783 1906 931 1958 cunis
961 1905 1099 1958 filius
1130 1923 1288 1974 aeger
1319 1914 1444 1957 erat.

370 1976 607 2029 ‘materl'
640 1976 712 2028 ait
741 1976 890 2046 virgo
920 2006 991 2014 —
1020 1984 1164 2028 mota
1194 1985 1273 2028 est
1303 1975 1403 2028 dea
1431 1975 1642 2027 nomine
1673 1973 1853 2025 matris
1883 2002 1954 2010 —

441 2047 595 2129 ‘quid
625 2046 801 2099 facis
786 2067 842 2099 111
872 2046 995 2099 00110
1024 2046 1329 2099 incomitata
1356 2045 1539 2099 locis?'

251 2133 338 2173 515
368 2118 559 2172 restitit
590 2127 642 2171 et
671 2117 868 2180 senior,
899 2117 1141 2186 quamvis
1172 2135 1304 2169 onus
1334 2124 1512 2186 urget,
1544 2124 1597 2169 et
1625 2123 1755 2178 orat,

440 2198 579 2242 tecta
610 2208 735 2242 suae
767 2189 955 2241 subeat
985 2188 1469 2257 quantulacumque
1499 2205 1668 2239 casae.

369 2260 458 2312 illa
487 2269 661 2329 negat.
738 2259 1008 2312 simularat
1039 2278 1220 2320 anum,
1251 2258 1510 2326 mitraque
1542 2257 1758 2327 capillos

442 2339 718 2400 presserat.
793 2330 1007 2382 instanti
1037 2330 1163 2382 talia
1193 2330 1333 2382 dicta
1362 2330 1545 2387 refert:
1594 2359 1596 2361 ·

372 2407 576 2470 ‘sospes
609 2420 697 2454 eas
729 2418 1040 2470 semperque
1070 2399 1284 2470 parens!
1317 2399 1446 2451 mihi
1474 2398 1582 2451 filia
1611 2407 1762 2468 rapta
1791 2406 1884 2450 est.

254 2489 341 2527 520
443 2472 571 2534 11011,
602 2471 787 2525 melior
816 2480 1013 2539 quanto
1045 2489 1156 2523 sors
1187 2479 1279 2523 tua
1309 2479 1448 2523 sorte
1478 2488 1597 2522 mea
1628 2468 1754 2522 estl'

373 2543 527 2603 dixit,
560 2551 635 2604 et,
665 2550 725 2594 ut
753 2542 1001 2595 lacrimae
1024 2540 1220 2610 (neque
1251 2541 1391 2595 enim
1419 2539 1693 2593 lacrimare
1724 2538 1942 2592 deorum
1974 2527 2076 2619 est)

445 2613 680 2666 decidit
666 2633 721 2665 m
750 2613 954 2682 tepidos
984 2613 1159 2665 lucida
1187 2621 1341 2682 gutta
1370 2611 1532 2664 sinus.

372 2686 499 2737 flent
529 2683 725 2754 pariter
754 2685 937 2737 molles
968 2683 1154 2735 animis
1183 2683 1439 2753 virgoque
1471 2699 1762 2750 senexque3

445 2774 473 2807 e
504 2755 696 2823 quibus
726 2754 857 2808 haec
886 2755 1010 2807 iusti
1040 2754 1202 2808 verba
1230 2753 1379 2807 fuere
1410 2753 1571 2806 senis:

257 2841 343 2880 525
377 2826 475 2879 ‘sic
505 2825 626 2888 tibi,
659 2844 819 2894 quam
848 2834 1055 2894 raptam
1084 2825 1341 2893 quereriS,
1373 2824 1439 2877 sit
1469 2824 1578 2876 filia
1607 2842 1813 2893 sospes:

444 2915 601 2966 surge
631 2915 729 2949 1100
760 2897 984 2966 exiguae
1016 2895 1227 2978 despice
1258 2904 1397 2949 tecta
1426 2894 1626 2948 casael'

376 2967 462 3021 cui
492 2967 591 3020 dea
622 2967 796 3020 ‘duel’
828 2967 1014 3034 inquit.
1089 2966 1281 3028 ‘scisti,
1312 2984 1419 3034 qua
1448 2983 1636 3036 cogere
1667 2964 1884 3035 posses?

447 3055 608 3106 seque
637 3039 777 3091 levat
808 3056 933 3090 saxo
965 3037 1408 3106 subsequiturque
1438 3055 1634 3090 senem.

377 3108 485 3160 dux
517 3109 693 3161 comiti
722 3118 923 3170 narrat,
954 3126 1116 3176 quam
1147 3108 1213 3161 sit
1244 3107 1343 3160 sibi
1371 3107 1510 3159 filius
1541 3125 1715 3176 aeger,

259 3194 346 3233 530
448 3197 545 3231 1100
576 3180 750 3247 capiat
780 3196 990 3231 somnos
1019 3179 1361 3247 invigiletque
1391 3177 1559 3229 maliS.

376 3248 467 3301 illa
497 3249 870 3330 soporiferum,
899 3267 1092 3317 parvos
1122 3248 1315 3300 initura
1342 3248 1588 3309 PenateS,

449 3320 646 3388 colligit
676 3318 870 3389 agresti
899 3320 1016 3372 lene
1046 3336 1279 3388 papaver
1307 3317 1485 3370 humo.

378 3390 506 3442 dum
534 3390 685 3459 legit,
708 3365 879 3442 oblito
909 3389 1076 3442 fertur
1104 3398 1344 3470 gustasse
1375 3389 1550 3458 palato

449 3461 766 3531 longamque
796 3459 1099 3530 imprudens
1133 3458 1419 3514 exsoluisse
1451 3459 1662 3514 famem.
