2158 3906
372 365 460 410 EX
490 363 705 410 PONTO
736 363 858 408 LIB.
892 363 974 409 lv.
1006 362 1093 419 XI,
1124 361 1374 420 21-21111,
1404 361 1476 408 34.
1677 349 1784 404 285

145 486 210 522 ne
244 474 451 538 sperata
477 485 652 520 meam
685 465 892 519 deserat
923 483 1053 517 aura
1082 472 1264 518 ratem.

88 539 203 594 ·uid
233 537 505 600 mandem,
537 536 778 606 quaeris?
808 554 1044 606 peream,
1075 534 1177 588 nisi
1207 534 1380 590 dicere
1411 534 1501 588 vix
1531 543 1611 589 est
1639 563 1711 573 —

147 609 190 663 si
223 608 405 671 mod0,
436 607 527 677 qui
558 607 736 678 periit,
767 607 854 660 ille
885 606 1055 677 perire
1085 605 1279 677 potest!

66 697 172 735 ·ec
201 678 329 749 quid
361 697 540 749 agam,
571 677 804 740 inveni0,
835 695 933 730 nec
963 677 1091 746 quid
1120 677 1350 731 nolimve
1381 677 1623 739 velimve,
1811 692 1867 732 45

68 765 70 814 ζ
144 766 244 804 nec
273 749 399 803 satis
429 748 626 802 utilitas
658 758 737 801 est
766 747 895 800 mihi
923 758 1048 801 nota
1078 766 1212 802 mea.

64 830 78 868 41
106 820 231 876 rede
259 818 412 884 mihi,
442 818 661 875 miseros
692 818 973 889 prudentia
1003 819 1172 889 prima
1200 819 1463 888 relinquit,

74 940 77 941 γ
146 901 198 946 et
228 908 412 947 sensus
443 907 566 954 cum
595 909 652 944 re
683 890 1063 959 consiliumque
1092 889 1247 960 fugit.

30 963 33 985 ³
69 980 211 1035 =pse‚
242 978 451 1045 precor,
483 978 731 1030 quaeras,
761 978 868 1031 qua
898 960 995 1014 sim
1027 960 1123 1013 tibi
1152 969 1301 1031 parte
1330 960 1611 1024 iuvandas,

64 1091 65 1095 ,
146 1049 360 1103 quoque
390 1050 530 1085 viam
556 1032 725 1086 facias
756 1032 824 1085 ad
854 1050 972 1086 mea
1002 1040 1125 1084 vota
1155 1031 1307 1084 vado.
1813 1047 1870 1086 50

64 1214 65 1217 ,
771 1200 773 1203 ,
851 1144 1018 1198 XIII.

69 1243 130 1304 ,Ο
161 1244 290 1299 mihi
318 1263 425 1299 non
456 1244 645 1299 dubios
676 1245 812 1299 inter
841 1244 1179 1298 memorande
1211 1243 1434 1308 sodales,
1698 1241 1897 1285 CARO·

60 1350 61 1353 =
145 1316 366 1386 quique,
399 1316 542 1386 quod
571 1335 626 1370 es
657 1334 805 1379 vere,
838 1313 1002 1378 Care,
1034 1315 1260 1377 vocaris,
1292 1333 1405 1368 ave.

67 1387 215 1443 unde
247 1387 514 1451 saluteris,
545 1386 690 1441 color
718 1386 803 1440 hic
832 1386 927 1439 tibi
958 1386 1195 1457 protinus
1226 1385 1385 1439 index

147 1467 198 1512 et
229 1466 492 1512 structura
519 1457 627 1512 mei
655 1457 900 1511 carminis
931 1475 1045 1510 esse
1075 1465 1263 1527 potest.

67 1546 180 1584 ·=-·n
212 1529 338 1599 quia
366 1529 587 1583 mirifica
616 1538 718 1590 est,
750 1527 844 1582 sed
874 1527 1018 1597 quod
1047 1545 1146 1581 nec
1175 1526 1391 1597 publica
1419 1535 1582 1580 certe:
1816 1541 1842 1581 5

62 1632 65 1655 ι
146 1600 317 1670 qualis
347 1599 487 1654 enim
518 1616 744 1668 cumque
776 1607 878 1661 est,
908 1615 1015 1651 non
1046 1597 1175 1651 latet
1204 1615 1319 1651 esse
1350 1615 1540 1650 meam.

64 1688 188 1743 ”pse
218 1687 454 1755 quoque,
485 1678 545 1724 ut
574 1669 785 1723 titulum
816 1668 1028 1723 chartae
1060 1668 1125 1722 de
1156 1667 1327 1721 fronte
1358 1667 1598 1732 revellas,

68 1792 69 1799 ,
147 1741 291 1812 quod
321 1750 387 1796 sit
415 1759 575 1813 opus,
606 1740 789 1795 videor
818 1739 992 1794 dicere
1022 1757 1201 1810 posse,
1233 1749 1399 1792 tuum.

67 1812 366 1868 uamlibet
394 1812 450 1866 in
478 1811 656 1866 multis
686 1811 887 1883 positus
918 1828 1135 1865 noscere
1165 1809 1371 1873 libellis,

71 1926 73 1929 -
147 1901 348 1956 perque
378 1884 685 1938 observatas
715 1882 981 1936 inveniere
1012 1890 1180 1935 notas.
1821 1897 1875 1937 10

9 1957 12 2031 l
71 1955 299 2009 ¹rodent
329 1963 598 2009 auctorem
627 1953 790 2017 vires,
822 1972 953 2022 quas
983 1952 1217 2007 Hercule
1248 1951 1436 2022 dignas

9 2034 11 2069 ²
66 2051 67 2055 ¹
148 2026 389 2080 novimus
420 2033 578 2094 atque
608 2024 708 2089 illi,
741 2041 900 2093 quem
931 2024 1098 2085 canis,
1131 2041 1245 2077 esse
1276 2041 1447 2093 pares.

72 2106 131 2156 et
159 2116 279 2151 mea
308 2097 472 2150 Musa
500 2104 674 2167 potest
702 2095 914 2166 proprio
946 2094 1205 2165 deprensa
1236 2094 1427 2157 colore,

146 2167 369 2239 insignis
398 2166 538 2221 vitiis
568 2166 787 2220 forsitan
819 2185 933 2220 esse
964 2166 1086 2219 suis.

74 2247 186 2294 tam
215 2239 355 2292 mala
384 2237 666 2292 Thersiten
695 2237 1010 2308 prohibebat
1039 2236 1211 2289 forma
1241 2236 1419 2297 latere,
1823 2252 1874 2292 15

60 2356 61 2359 ,
148 2328 309 2380 quam
339 2309 560 2392 pulchra
588 2308 781 2363 Nireus
813 2307 1214 2378 conspiciendus
1246 2316 1372 2360 erat.
1806 2309 1814 2315 '

75 2399 176 2437 nec
205 2390 258 2436 te
286 2380 488 2444 mirari,
521 2380 566 2433 si
596 2379 699 2433 sint
728 2379 938 2442 vitiosa,
971 2378 1195 2441 decebit,

68 2484 111 2513 .-
149 2451 407 2515 carmina,
439 2468 576 2520 quae
606 2451 799 2504 faciam
828 2469 996 2520 paene
1027 2459 1185 2520 poeta
1214 2447 1398 2502 Getes.

27 2533 34 2578 f
66 2522 134 2578 al
165 2523 355 2595 pudet,
385 2530 438 2576 et
468 2520 660 2576 Getico
691 2522 875 2592 scripsi
906 2539 1145 2574 sermone
1175 2519 1430 2582 libellum,

27 2636 31 2657 f
62 2615 63 2618 ¹
150 2602 452 2663 structaque
483 2601 606 2646 sunt
633 2593 826 2646 nostris
857 2592 1083 2645 barbara
1113 2591 1275 2644 verba
1305 2590 1493 2654 modiS,
1820 2607 1876 2647 20

9 2689 57 2736 3
77 2673 133 2721 et
159 2664 360 2736 placui,
390 2693 461 2721 ‘—.
488 2673 697 2735 gratare
726 2663 856 2716 mihi
884 2693 957 2701 —
986 2663 1239 2733 coepique
1271 2672 1458 2732 poetae

149 2736 286 2790 inter
313 2734 630 2798 inhumanos
658 2752 851 2788 nomen
880 2733 1076 2788 habere
1108 2732 1299 2792 Getas!

10 2835 27 2878 5:
70 2806 354 2861 ⁴materiam
384 2805 624 2876 quaeris?
653 2805 837 2858 laudes
867 2804 933 2858 de
965 2802 1195 2858 Caesare
1226 2804 1352 2856 dixi.

152 2877 331 2931 adiuta
362 2884 442 2931 est
468 2875 675 2929 novitas
704 2875 921 2928 numine
951 2884 1129 2928 nostra
1159 2875 1259 2927 dei.

25 2971 30 3005 ῑ
64 2959 204 3003 'nam
233 2947 397 3019 patris
427 2946 664 3017 Augusti
693 2945 849 2999 docui
878 2946 1097 2998 mortale
1127 2944 1291 2997 fuisse
1820 2962 1875 3002 25

153 3037 366 3090 corpus,
395 3018 451 3071 in
481 3016 738 3071 aetherias
766 3035 963 3070 numen
994 3016 1167 3069 abisse
1198 3015 1405 3068 domos:

81 3108 196 3144 esse
227 3107 410 3160 parem
439 3088 632 3141 virtute
661 3087 821 3158 patri,
852 3087 944 3156 qui
972 3086 1123 3140 frena
1151 3095 1368 3156 rogatus

154 3179 312 3231 saepe
341 3159 569 3213 recusati
598 3159 797 3229 ceperit
825 3158 1053 3229 imperii:

28 3293 31 3299 ¹
69 3249 198 3288 -vesse
263 3230 539 3284 udicarum
568 3238 621 3284 te
650 3230 896 3293 Vestam,
927 3228 1110 3292 Livia,
1144 3237 1389 3290 matrum,

10 3342 13 3346 Δ
155 3321 239 3355 am
279 3302 487 3372 ignum,
518 3310 642 3354 nato
673 3301 881 3371 dignior
910 3318 1045 3354 anne
1076 3299 1217 3354 viro:
1823 3317 1878 3356 30

28 3380 30 3395 ³
82 3389 198 3428 esse
229 3372 373 3428 duos
391 3372 609 3426 iuvenes
619 3410 634 3434 ‚
663 3372 817 3425 firma
847 3371 1151 3425 adiumenta
1179 3370 1430 3442 parentiS‚

26 3499 31 3506 Α,
155 3443 248 3512 qui
277 3442 518 3496 dederint
546 3443 708 3496 animi
736 3443 961 3513 pignora
990 3452 1133 3496 certa
1163 3442 1260 3495 sui.

82 3510 215 3567 haec
244 3513 337 3566 ubi
366 3531 473 3565 non
502 3514 672 3583 patria
700 3514 903 3584 perlegi
933 3513 1125 3584 scripta
1157 3511 1410 3577 Camena,

131 3584 300 3657 ἱ,ιςθιιίι
330 3593 382 3639 et
412 3584 481 3639 ad
510 3584 702 3655 digitos
731 3585 918 3640 ultima
947 3584 1129 3640 charta
1156 3602 1319 3647 meos>‚
