2158 3906
336 297 438 351 102
885 307 939 350 Ρ.
974 305 1181 351 OVIDII
1209 305 1481 351 NASONIS

333 411 489 480 piscis
522 410 694 462 adhuc
724 409 798 460 illi
827 408 1023 477 populo
1055 406 1166 459 sine
1196 407 1381 461 fraude
1413 408 1645 471 natabat,

406 491 681 548 ostreaque
711 479 764 530 in
797 478 1007 531 conchis
1038 486 1152 530 tuta
1182 478 1330 531 fuere
1362 479 1494 530 suis:

224 567 302 607 175
334 570 431 606 nec
463 551 678 603 Latium
709 559 884 611 norat,
915 566 1076 616 quam
1104 549 1321 617 praebet
1351 550 1500 600 Ionia
1532 549 1694 611 diveS‚

404 640 500 674 nec
531 639 665 688 quae
696 620 971 689 Pygmaeo
1003 619 1258 689 sanguine
1288 620 1509 690 gaudet,
1541 639 1714 672 avem:

336 702 387 747 et
417 702 622 761 praeter
653 690 841 760 pinnas
871 690 1002 742 nihil
1030 690 1085 742 in
1116 709 1321 759 pavone
1351 691 1611 760 placebat,

405 781 502 815 nec
533 762 684 815 tellus
717 770 897 831 captas
927 761 1141 814 miserat
1170 761 1308 814 Afra
1337 762 1493 815 feras,

335 853 423 886 sus
455 841 566 885 erat
594 832 648 883 in
678 832 845 901 pretio
856 852 869 894 3
902 850 1056 885 caesa
1086 851 1177 885 sue
1209 832 1345 885 festa
1375 833 1634 886 colebant.

224 921 304 959 180
404 913 542 957 terra
571 902 723 955 fabas
754 912 958 955 tantum
989 903 1226 970 duraque
1256 903 1398 955 farra
1428 903 1603 955 dabat.

335 993 470 1043 quae
501 974 606 1026 duo
636 973 803 1026 mixta
832 974 988 1026 simul
1018 974 1177 1027 sextis
1209 974 1528 1043 quicumque
1559 974 1819 1027 Kalendis

406 1045 593 1107 ederit,
625 1044 748 1097 huic
777 1045 915 1097 laedi
946 1044 1147 1098 viscera
1177 1063 1332 1115 posse
1362 1055 1576 1114 negant.
1607 1076 1679 1082 —

277 1143 284 1147 -
335 1135 454 1170 arce
485 1134 696 1185 quoque
726 1115 782 1168 in
812 1134 1020 1168 summa
1049 1115 1240 1167 Iunoni
1271 1117 1467 1185 templa
1497 1116 1749 1170 Monetae

300 1253 302 1256 .
407 1207 473 1240 ex
505 1196 626 1240 voto
657 1196 951 1240 memorant
979 1187 1143 1250 facta,
1177 1185 1426 1250 Camille,
1458 1196 1566 1239 tuo.

226 1273 303 1313 185
335 1268 457 1311 ante
488 1258 675 1311 domus
706 1257 880 1310 Manli
908 1257 1110 1319 fuerat,
1135 1258 1228 1326 qui
1259 1256 1467 1311 Gallica
1497 1258 1764 1326 quondam

407 1349 439 1382 a
470 1326 771 1398 Capitolino
802 1329 1030 1399 reppulit
1060 1348 1206 1381 arma
1235 1329 1380 1382 Iove.

336 1419 497 1469 quam
527 1400 685 1462 bene,
717 1400 772 1452 di
801 1399 1004 1470 magni!
1037 1418 1218 1469 pugna
1249 1399 1521 1453 cecidisset
1551 1399 1605 1451 in
1636 1399 1741 1462 illa,

408 1470 652 1524 defensor
682 1470 820 1533 solii,
851 1471 1091 1540 Iuppiter
1122 1471 1249 1533 alte,
1279 1470 1379 1523 tui!

335 1542 489 1604 vixit,
519 1551 579 1594 ut
609 1541 870 1612 occideret
899 1542 1177 1594 damnatus
1210 1541 1423 1594 crimine
1454 1541 1628 1611 regni:

225 1627 305 1667 190
406 1613 547 1665 hunc
577 1612 653 1664 illi
684 1613 895 1665 titulum
924 1612 1086 1682 longa
1116 1622 1327 1665 senecta
1357 1612 1532 1664 dabat.
1564 1642 1636 1649 ——

334 1685 428 1737 lux
459 1684 644 1737 eadem
674 1683 838 1735 Marti
868 1682 1004 1736 festa
1034 1694 1135 1746 est,
1167 1701 1326 1750 quem
1356 1683 1606 1753 prospicit
1638 1692 1786 1735 extra

408 1755 707 1825 appositum
737 1754 935 1807 Tectae
971 1763 1120 1823 porta
1153 1751 1374 1823 Capena
1404 1754 1536 1805 viae.
1567 1783 1638 1789 —-

336 1834 388 1879 te
420 1843 654 1894 quoque,
685 1825 1022 1895 Tempestas,
1055 1825 1294 1877 meritam
1326 1824 1547 1877 delubra
1574 1823 1820 1885 fatemur,

409 1915 530 1950 cum
560 1914 727 1965 paene
758 1906 838 1949 est
869 1893 1050 1948 Corsis
1080 1895 1269 1947 obruta
1299 1894 1479 1948 classis
1511 1895 1677 1962 aquis,
1709 1924 1780 1931 —

226 1982 304 2021 195
336 1967 468 2021 haec
496 1966 770 2019 hominum
799 1966 1123 2019 monimenta
1152 1975 1350 2035 patent.
1426 1966 1469 2018 si
1501 1965 1747 2034 quaeritis
1780 1974 1943 2018 astra:

407 2048 532 2091 tunc
563 2037 727 2091 oritur
756 2037 937 2108 magni
967 2056 1189 2107 praepes
1221 2037 1430 2090 adunca
1459 2036 1618 2089 Iovis.

334 2181 559 2234 Postera
588 2180 680 2233 lux
710 2179 957 2250 HyadaS,
988 2179 1255 2233 Taurinae
1287 2179 1484 2232 cornua
1513 2178 1716 2241 frontis,
1832 2176 1878 2220 2·
1913 2176 2041 2234 [AF]

409 2261 616 2314 evocat,
649 2260 700 2305 et
729 2251 896 2303 multa
926 2260 1064 2304 terra
1094 2250 1348 2304 madescit
1378 2267 1531 2319 aqua.

336 2393 502 2446 Mane
533 2393 624 2445 ubi
655 2392 734 2444 bis
766 2392 947 2454 fuerit,
978 2391 1336 2460 Phoebusque
1367 2391 1632 2445 iteraverit
1663 2401 1823 2453 ortUS,
1877 2389 1922 2433 3·
1956 2388 2050 2433 BC'

224 2478 308 2518 200
408 2463 654 2531 factaque
685 2464 783 2516 erit
812 2463 982 2531 posito
1013 2481 1129 2515 rore
1161 2462 1240 2514 bis
1271 2462 1379 2514 uda
1409 2481 1578 2532 segeS,

337 2533 438 2586 hac
468 2544 672 2586 sacrata
703 2534 786 2585 die
817 2534 993 2586 Tusco
1025 2533 1248 2586 Bellona
1278 2533 1452 2586 duello

410 2604 621 2667 dicitur3
654 2614 704 2658 et
735 2604 891 2656 Latio
922 2622 1174 2674 prospera
1203 2622 1410 2673 semper
1441 2603 1605 2656 adest.
1708 2667 1715 2674 Ι

337 2675 552 2745 Appius
583 2685 663 2729 est
693 2685 898 2736 auctor,
929 2674 1137 2743 Pyrrho
1168 2675 1259 2743 qui
1289 2693 1420 2744 pace
1451 2685 1643 2743 negata

409 2746 634 2799 multum
665 2746 840 2798 animo
870 2745 1022 2807 vidit,
1051 2745 1249 2798 lumine
1281 2755 1463 2814 captus
1495 2755 1621 2798 erat.

225 2832 307 2873 205
337 2817 590 2889 prospicit
619 2837 651 2869 a
681 2818 875 2887 templo
908 2836 1172 2870 summum
1203 2817 1376 2869 brevis
1408 2835 1531 2869 area
1563 2814 1797 2870 Circum.

409 2898 488 2941 est
516 2888 591 2941 ibi
620 2906 726 2940 non
755 2907 951 2958 parvae
982 2907 1146 2958 parva
1177 2887 1421 2941 columna
1450 2898 1621 2939 notae.

338 2958 461 3012 hinc
490 2960 622 3013 solet
651 2959 802 3012 hasta
832 2979 1016 3022 manu,
1049 2958 1172 3012 belli
1202 2958 1538 3028 praenuntia,
1570 2957 1720 3020 mitti,

409 3030 464 3082 in
493 3049 671 3100 regem
703 3040 756 3083 et
783 3040 968 3100 gentes
999 3048 1120 3082 cum
1150 3031 1323 3099 placet
1353 3048 1499 3081 arma
1530 3029 1662 3098 capi.

339 3171 527 3223 Altera
556 3191 675 3241 pars
710 3170 854 3224 Circi
887 3170 1120 3224 Custode
1153 3170 1250 3221 sub
1282 3169 1513 3222 Hercule
1546 3178 1658 3221 tuta
1689 3178 1790 3222 est:
1885 3168 1930 3212 4·
1965 3167 2050 3212 OG

227 3256 310 3297 210
412 3242 555 3309 quod
586 3242 713 3294 deus
745 3242 985 3294 Euboico
1017 3241 1246 3293 carmine
1276 3259 1468 3291 munus
1501 3239 1676 3291 habet.

300 3349 301 3352 κ
339 3312 570 3364 muneris
602 3321 680 3365 est
710 3321 941 3381 temPUS,
973 3311 1063 3379 qui
1093 3311 1275 3363 Nonas
1307 3310 1526 3363 Lucifer
1557 3319 1676 3363 ante
1710 3319 1805 3363 cst.

412 3383 457 3435 si
487 3382 695 3443 titulum
726 3382 955 3450 quaeris:
991 3380 1140 3435 Sulla
1170 3381 1413 3450 probavit
1444 3399 1592 3450 opus.
