2158 3906
533 331 883 378 FASTORUM
912 331 1033 376 LIB.
1065 330 1150 376 111.
1182 328 1424 375 255-342.

57 474 61 479 ·
127 438 248 495 inde
279 435 388 490 fere
421 433 517 487 soli
546 433 765 486 Faunus
795 432 1063 500 Picusque
1096 432 1362 485 bibebant.

200 509 302 562 huc
332 505 476 559 venit
507 513 559 558 et
589 503 721 556 fonti
750 522 844 556 rex
874 503 1052 555 Numa
1082 512 1279 556 mactat
1308 520 1462 555 ovem

77 570 83 575 ⁵
127 580 389 653 plenaque
420 575 621 629 odorati
652 574 882 644 disponit
912 574 1104 643 pocula
1133 572 1349 636 Bacchi,

200 665 424 716 cumque
455 646 562 699 suis
595 655 744 698 antro
776 644 1018 698 conditus
1049 645 1160 714 ipse
1191 646 1334 698 latet.

76 770 79 771 γ
125 719 197 775 ad
227 719 404 773 solitos
435 716 654 770 veniunt
685 715 944 769 silvestria
973 716 1192 769 numina
1221 716 1394 769 fontes

200 799 251 844 et
282 789 517 843 relevant
546 786 712 840 multo
743 796 957 857 pectora
988 786 1128 839 sicca
1158 805 1319 840 mero.

50 877 66 942 Ἰ,ἰ
126 862 251 915 vina
280 859 428 929 quies
461 858 712 927 sequitur.
786 857 963 927 gelido
995 857 1173 910 Numa
1203 857 1376 927 prodit
1406 857 1474 909 ab
1506 865 1674 920 antr0,

198 931 474 999 vinclaque
505 929 700 999 sopitas
732 929 878 981 addit
908 928 960 980 in
993 937 1106 980 arta
1136 947 1341 980 manus,

60 988 78 1002 ’ὗ
125 1021 342 1059 somnus
374 1010 431 1054 ut
462 1000 740 1062 abscessit,
773 998 1061 1070 pugnando
1093 998 1303 1051 vincula
1334 1008 1594 1068 temptant

52 1005 80 1046 *A

47 1042 93 1297 Ξ

10 1345 11 1350 ,
51 1317 80 1341 ψ

10 1303 11 1306 ’
125 1303 337 1357 quoque
370 1283 525 1342 modo
556 1283 723 1352 possit
752 1282 976 1342 fulmen,
1008 1290 1319 1341 monstrate,
1351 1280 1518 1350 piari.’

198 1092 313 1126 rum
357 1090 466 1125 ere:
498 1080 795 1142 pugnantes
826 1070 1012 1123 fortius
1044 1069 1133 1122 illa
1163 1078 1357 1123 tenent.

123 1153 252 1200 tunc
337 1142 595 1195 uma:.‘di
625 1160 924 1202 nemorum,
956 1140 1108 1192 factis
1139 1140 1395 1209 ignoscite
1425 1139 1634 1203 nostris,

198 1215 242 1268 si
273 1215 442 1267 scelus
472 1213 684 1283 ingenio
717 1212 859 1265 scitis
890 1211 1075 1263 abesse
1106 1228 1241 1272 me0‚

199 1357 273 1410 sic
303 1355 505 1417 Numa;
538 1354 613 1407 sic
642 1353 882 1421 quatiens
914 1370 1112 1404 cornua
1140 1351 1360 1404 Faunus
1392 1351 1486 1403 ait:

125 1432 349 1498 ‘magna
379 1425 538 1497 petis,
569 1442 667 1477 nec
697 1441 835 1491 quae
865 1423 1069 1475 monitu
1101 1422 1195 1475 tibi
1226 1422 1426 1475 discere
1458 1432 1636 1475 nostro

197 1498 278 1551 fas
309 1497 389 1550 sit.
463 1495 659 1549 habent
687 1494 805 1547 finis
836 1494 1054 1546 numina
1083 1503 1263 1546 nostra
1292 1512 1432 1546 suos.

125 1569 183 1623 di
212 1586 392 1623 sumus
424 1575 680 1638 agrestes,
713 1575 764 1619 et
794 1565 885 1634 qui
915 1564 1247 1618 dominemur
1276 1564 1329 1616 in
1360 1564 1478 1618 altis

199 1638 487 1693 montibus:
519 1637 795 1691 arbitrium
825 1645 903 1690 est
934 1636 986 1688 in
1019 1655 1116 1689 sua
1146 1636 1250 1689 tela
1280 1635 1412 1688 Iovi.

76 1720 78 1723 ’
126 1711 268 1765 hunc
299 1720 357 1764 tu
385 1727 491 1762 non
521 1708 715 1779 poteris
746 1726 840 1778 per
869 1717 920 1761 te
950 1707 1212 1760 deducere
1243 1706 1413 1760 caeloz

199 1792 253 1835 at
281 1780 474 1852 poteris
505 1788 685 1833 nostra
714 1778 932 1832 forsitan
963 1797 1090 1831 usus
1123 1777 1255 1849 ope.'

58 1848 62 1858 ’
125 1853 332 1906 dixerat
362 1852 492 1905 haec
521 1851 569 1903 F
569 1869 765 1914 aunus3
796 1869 893 1933 par
923 1860 1001 1904 est
1032 1849 1291 1903 sententia
1321 1848 1455 1902 Pici.

199 1924 374 1978 ‘deme
405 1932 582 1976 tamen
611 1921 763 1975 nobis
795 1921 1004 1974 vincula
1017 1920 1046 1983 ‚'
1078 1920 1240 1973 Picus
1273 1921 1368 1972 ait:

125 1995 392 2065 ‘Iuppiter
420 1993 525 2046 huc
556 1992 752 2055 veniet,
784 1992 958 2045 valida
989 1992 1275 2062 perductus
1306 1991 1375 2043 ab
1406 2001 1534 2044 arte.

198 2065 381 2118 nubila
410 2063 652 2134 prom-issi
685 2062 823 2132 Styx
853 2063 980 2115 mihi
1011 2062 1156 2115 testis
1188 2062 1318 2115 erit.'

125 2136 306 2190 emissi
334 2135 535 2203 laqueis
565 2134 693 2203 quid
723 2143 908 2203 agant,
941 2151 1076 2201 quae
1107 2133 1340 2186 carmina
1370 2132 1549 2184 dicant

200 2225 410 2276 quaque
441 2205 649 2258 trahant
680 2204 883 2274 superis
914 2203 1128 2257 sedibus
1160 2213 1271 2256 arte
1302 2204 1503 2265 Iovem,

66 2298 70 2303 ·
127 2278 261 2332 scire
291 2277 440 2330 nefas
469 2275 685 2328 homini.
759 2275 910 2328 nobis
942 2293 1192 2328 concessa
1222 2285 1496 2335 canentur,

200 2365 440 2417 quaeque
470 2347 558 2417 pio
590 2347 694 2400 dici
724 2347 858 2412 vatis
889 2346 956 2398 ab
989 2364 1077 2399 ore
1106 2345 1243 2399 licet.

125 2419 342 2474 eliciunt
373 2419 517 2472 caelo
548 2427 624 2480 te,
655 2417 918 2487 Iuppiter!
950 2417 1089 2469 unde
1124 2416 1348 2469 minores

198 2509 343 2543 nune
369 2507 585 2558 quoque
611 2498 662 2542 te
693 2488 960 2542 celebrant
990 2487 1326 2555 Eliciumque
1358 2497 1566 2540 vocant.

126 2570 335 2616 constat
363 2560 662 2613 Aventinae
693 2559 968 2613 tremuisse
1000 2559 1275 2612 cacumina
1307 2559 1485 2619 silvae,

199 2631 442 2700 terraque
473 2631 706 2684 subsedit
737 2631 968 2701 pondere
998 2649 1179 2700 pressa
1210 2629 1369 2682 Iovis.

127 2703 288 2758 corda
317 2703 513 2756 micant
541 2702 706 2772 regiS,
738 2711 952 2769 totoque
983 2720 1012 2755 e
1044 2719 1262 2771 corpore
1294 2700 1511 2770 sanguis

202 2774 363 2845 fugit,
395 2783 447 2827 et
476 2773 707 2826 hirsutae
738 2772 1014 2842 deriguere
1045 2791 1243 2825 comae.

64 2863 67 2866 ’
127 2855 190 2899 ut
216 2845 370 2901 nediit
400 2844 628 2905 animus,
661 2843 754 2896 ‘da
784 2855 927 2896 certa
956 2843 1211 2912 piamina'
1245 2842 1378 2894 dixit

39 3188 84 3769 ξ

200 2915 482 2978 ‘fulminiS,
514 2916 740 2967 altorum
767 2932 967 2982 rexque
997 2923 1250 2983 paterque
1282 2913 1459 2975 deum,

127 2988 174 3041 si
201 2996 293 3041 tua
323 2986 640 3057 contigimus
670 2985 915 3037 manibus
946 2984 1162 3037 donaria
1192 2984 1361 3053 puris:
1427 3014 1430 3016 -

199 3059 300 3112 hoc
330 3075 566 3127 quoque,
596 3057 740 3124 quod
766 3056 986 3126 petitur,
1020 3055 1063 3107 si
1093 3054 1181 3125 pia
1209 3054 1393 3124 lingua
1423 3054 1608 3125 rogat.'

54 3184 60 3188 ,
128 3129 311 3182 adnuit
341 3129 533 3182 oranti:
566 3127 660 3180 sed
690 3146 874 3181 verum
905 3127 1130 3195 ambage
1159 3135 1361 3178 remota

201 3200 402 3254 abdidit
433 3209 485 3253 et
515 3198 889 3252 dubio-terruit
919 3216 1007 3251 ore
1039 3198 1228 3249 virum.

129 3272 314 3326 ‘caede
345 3271 535 3341 caput’-
560 3269 708 3322 dixit..
781 3269 866 3322 cui
894 3288 988 3322 rex
1019 3268 1367 3338 ‘parebimus’
1399 3268 1594 3337 inquit:

201 3342 494 3396 ‘caedenda
523 3351 603 3395 est
631 3340 796 3394 hortis
826 3350 977 3394 eruta
1005 3359 1136 3410 cepa
1165 3339 1330 3393 meis?

131 3412 333 3480 addidit
361 3410 455 3466 hic·
477 3412 777 3465 ‘hominis:'
809 3411 1089 3465 ‘summos'
1123 3411 1194 3463 ait
1222 3411 1309 3463 ille
1341 3410 1615 3480 ‘capillos.’

201 3484 432 3554 postulat
462 3482 546 3536 hic
578 3483 830 3536 animam:
866 3483 953 3536 cui
981 3482 1159 3536 Numa
1190 3481 1394 3552 ‘piscis'
1428 3482 1518 3533 ait.

1868 516 1953 556 300

1866 871 1951 912 305

1867 1228 1953 1267 310

1868 1580 1952 1619 315

1869 1936 1955 1976 320

1868 2290 1953 2330 325

1870 2647 1954 2686 330

1869 3002 1953 3041 335
2031 3036 2035 3038 .

1869 3358 1955 3395 340
