<?xml version="1.0" encoding="UTF-8"?>
<!DOCTYPE html PUBLIC "-//W3C//DTD XHTML 1.0 Transitional//EN"
    "http://www.w3.org/TR/xhtml1/DTD/xhtml1-transitional.dtd">
<html xmlns="http://www.w3.org/1999/xhtml" xml:lang="en" lang="en">
 <head>
  <title>
</title>
<meta http-equiv="Content-Type" content="text/html;charset=utf-8" />
  <meta name='ocr-system' content='tesseract 3.04.00' />
  <meta name='ocr-capabilities' content='ocr_page ocr_carea ocr_par ocr_line ocrx_word'/>
</head>
<body>
  <div class='ocr_page' id='page_1' title='image "./carminaov03oviduoft_0115.png"; bbox 0 0 2158 3906; ppageno 0'>
   <div class='ocr_carea' id='block_1_1' title="bbox 0 729 32 3906">
    <p class='ocr_par' dir='ltr' id='par_1_1' title="bbox 0 729 32 3906">
     <span class='ocr_line' id='line_1_1' title="bbox 0 729 32 3906; baseline 0 0"><span class='ocrx_word' id='word_1_1' title='bbox 0 729 32 3906; x_wconf 95' lang='lat' dir='ltr'><strong> </strong></span> 
     </span>
    </p>
   </div>
   <div class='ocr_carea' id='block_1_2' title="bbox 500 346 1387 394">
    <p class='ocr_par' dir='ltr' id='par_1_2' title="bbox 500 346 1387 394">
     <span class='ocr_line' id='line_1_2' title="bbox 500 346 1387 394; baseline -0.001 -3"><span class='ocrx_word' id='word_1_2' title='bbox 500 346 850 394; x_wconf 82' lang='lat' dir='ltr'>FASTORUM</span> <span class='ocrx_word' id='word_1_3' title='bbox 877 346 1001 391; x_wconf 86' lang='lat' dir='ltr'><strong>LIB.</strong></span> <span class='ocrx_word' id='word_1_4' title='bbox 1032 346 1118 393; x_wconf 91' lang='lat' dir='ltr'><strong>1v.</strong></span> <span class='ocrx_word' id='word_1_5' title='bbox 1150 346 1387 392; x_wconf 83' lang='lat'>747-834.</span> 
     </span>
    </p>
   </div>
   <div class='ocr_carea' id='block_1_3' title="bbox 4 448 1686 2148">
    <p class='ocr_par' dir='ltr' id='par_1_3' title="bbox 91 448 1638 590">
     <span class='ocr_line' id='line_1_3' title="bbox 91 448 1638 520; baseline -0.004 -13"><span class='ocrx_word' id='word_1_6' title='bbox 91 474 186 515; x_wconf 83' lang='lat' dir='ltr'><strong>an,</strong></span> <span class='ocrx_word' id='word_1_7' title='bbox 217 449 360 520; x_wconf 90' lang='lat' dir='ltr'><strong>quod</strong></span> <span class='ocrx_word' id='word_1_8' title='bbox 388 449 443 502; x_wconf 90' lang='lat' dir='ltr'><strong>in</strong></span> <span class='ocrx_word' id='word_1_9' title='bbox 472 448 553 501; x_wconf 89' lang='lat' dir='ltr'><strong>his</strong></span> <span class='ocrx_word' id='word_1_10' title='bbox 586 449 725 502; x_wconf 90' lang='lat' dir='ltr'><strong>vitae</strong></span> <span class='ocrx_word' id='word_1_11' title='bbox 757 467 916 502; x_wconf 86' lang='lat' dir='ltr'><strong>causa</strong></span> <span class='ocrx_word' id='word_1_12' title='bbox 947 458 1048 510; x_wconf 93' lang='lat' dir='ltr'><strong>est,</strong></span> <span class='ocrx_word' id='word_1_13' title='bbox 1080 448 1209 501; x_wconf 87' lang='lat' dir='ltr'><strong>haec</strong></span> <span class='ocrx_word' id='word_1_14' title='bbox 1241 448 1465 518; x_wconf 86' lang='lat' dir='ltr'><strong>perdidit</strong></span> <span class='ocrx_word' id='word_1_15' title='bbox 1496 450 1638 512; x_wconf 90' lang='lat' dir='ltr'><strong>exul,</strong></span> 
     </span>
     <span class='ocr_line' id='line_1_4' title="bbox 163 519 1560 590; baseline -0.004 -14"><span class='ocrx_word' id='word_1_16' title='bbox 163 521 244 576; x_wconf 90' lang='lat' dir='ltr'><strong>his</strong></span> <span class='ocrx_word' id='word_1_17' title='bbox 275 538 413 574; x_wconf 89' lang='lat' dir='ltr'><strong>nova</strong></span> <span class='ocrx_word' id='word_1_18' title='bbox 442 520 502 572; x_wconf 86' lang='lat' dir='ltr'><strong>fit</strong></span> <span class='ocrx_word' id='word_1_19' title='bbox 532 519 787 581; x_wconf 78' lang='lat' dir='ltr'><strong>coniunX,</strong></span> <span class='ocrx_word' id='word_1_20' title='bbox 819 519 950 572; x_wconf 88' lang='lat' dir='ltr'><strong>haec</strong></span> <span class='ocrx_word' id='word_1_21' title='bbox 982 520 1086 571; x_wconf 90' lang='lat' dir='ltr'><strong>duo</strong></span> <span class='ocrx_word' id='word_1_22' title='bbox 1117 538 1312 590; x_wconf 88' lang='lat' dir='ltr'><strong>magna</strong></span> <span class='ocrx_word' id='word_1_23' title='bbox 1341 522 1560 589; x_wconf 79' lang='lat' dir='ltr'><strong>putant?</strong></span> 
     </span>
    </p>

    <p class='ocr_par' dir='ltr' id='par_1_4' title="bbox 92 590 1560 730">
     <span class='ocr_line' id='line_1_5' title="bbox 92 590 1560 661; baseline -0.004 -13"><span class='ocrx_word' id='word_1_24' title='bbox 92 593 183 648; x_wconf 83' lang='lat' dir='ltr'><strong>vix</strong></span> <span class='ocrx_word' id='word_1_25' title='bbox 212 590 457 661; x_wconf 76' lang='lat' dir='ltr'><strong>equidem</strong></span> <span class='ocrx_word' id='word_1_26' title='bbox 487 590 660 643; x_wconf 87' lang='lat' dir='ltr'><strong>credo.</strong></span> <span class='ocrx_word' id='word_1_27' title='bbox 736 599 859 642; x_wconf 88' lang='lat' dir='ltr'><strong>sunt</strong></span> <span class='ocrx_word' id='word_1_28' title='bbox 889 590 979 658; x_wconf 91' lang='lat' dir='ltr'><strong>qui</strong></span> <span class='ocrx_word' id='word_1_29' title='bbox 1009 590 1344 645; x_wconf 72' lang='lat' dir='ltr'><strong>Phaethonta</strong></span> <span class='ocrx_word' id='word_1_30' title='bbox 1375 590 1560 643; x_wconf 86' lang='lat' dir='ltr'><strong>referri</strong></span> 
     </span>
     <span class='ocr_line' id='line_1_6' title="bbox 165 659 1266 730; baseline -0.003 -13"><span class='ocrx_word' id='word_1_31' title='bbox 165 662 378 718; x_wconf 79' lang='lat' dir='ltr'><strong>credant</strong></span> <span class='ocrx_word' id='word_1_32' title='bbox 409 669 462 715; x_wconf 93' lang='lat' dir='ltr'><strong>et</strong></span> <span class='ocrx_word' id='word_1_33' title='bbox 490 660 679 714; x_wconf 88' lang='lat' dir='ltr'><strong>nimias</strong></span> <span class='ocrx_word' id='word_1_34' title='bbox 708 659 1053 714; x_wconf 80' lang='lat' dir='ltr'><strong>Deucalionis</strong></span> <span class='ocrx_word' id='word_1_35' title='bbox 1085 680 1266 730; x_wconf 88' lang='lat' dir='ltr'><strong>aquas.</strong></span> 
     </span>
    </p>

    <p class='ocr_par' dir='ltr' id='par_1_5' title="bbox 91 731 1508 872">
     <span class='ocr_line' id='line_1_7' title="bbox 91 731 1508 806; baseline -0.002 -18"><span class='ocrx_word' id='word_1_36' title='bbox 91 753 214 806; x_wconf 89' lang='lat' dir='ltr'><strong>pars</strong></span> <span class='ocrx_word' id='word_1_37' title='bbox 245 749 482 802; x_wconf 91' lang='lat' dir='ltr'><strong>quoque,</strong></span> <span class='ocrx_word' id='word_1_38' title='bbox 513 749 635 785; x_wconf 90' lang='lat' dir='ltr'><strong>cum</strong></span> <span class='ocrx_word' id='word_1_39' title='bbox 665 731 806 784; x_wconf 87' lang='lat' dir='ltr'><strong>saxis</strong></span> <span class='ocrx_word' id='word_1_40' title='bbox 838 742 1074 801; x_wconf 87' lang='lat' dir='ltr'><strong>pastores</strong></span> <span class='ocrx_word' id='word_1_41' title='bbox 1106 751 1234 784; x_wconf 86' lang='lat' dir='ltr'><strong>saxa</strong></span> <span class='ocrx_word' id='word_1_42' title='bbox 1263 731 1508 795; x_wconf 86' lang='lat' dir='ltr'><strong>feribant,</strong></span> 
     </span>
     <span class='ocr_line' id='line_1_8' title="bbox 165 802 1213 872; baseline -0.003 -14"><span class='ocrx_word' id='word_1_43' title='bbox 165 803 444 858; x_wconf 89' lang='lat' dir='ltr'><strong>scintillam</strong></span> <span class='ocrx_word' id='word_1_44' title='bbox 474 802 648 855; x_wconf 91' lang='lat' dir='ltr'><strong>subito</strong></span> <span class='ocrx_word' id='word_1_45' title='bbox 678 802 983 872; x_wconf 81' lang='lat' dir='ltr'><strong>prosiluisse</strong></span> <span class='ocrx_word' id='word_1_46' title='bbox 1014 802 1213 856; x_wconf 85' lang='lat' dir='ltr'><strong>ferunt:</strong></span> 
     </span>
    </p>

    <p class='ocr_par' dir='ltr' id='par_1_6' title="bbox 92 872 1594 1015">
     <span class='ocr_line' id='line_1_9' title="bbox 92 872 1594 947; baseline -0.001 -19"><span class='ocrx_word' id='word_1_47' title='bbox 92 875 262 947; x_wconf 89' lang='lat' dir='ltr'><strong>prima</strong></span> <span class='ocrx_word' id='word_1_48' title='bbox 292 873 506 943; x_wconf 91' lang='lat' dir='ltr'><strong>quidem</strong></span> <span class='ocrx_word' id='word_1_49' title='bbox 536 872 714 943; x_wconf 89' lang='lat' dir='ltr'><strong>periit,</strong></span> <span class='ocrx_word' id='word_1_50' title='bbox 747 873 954 943; x_wconf 89' lang='lat' dir='ltr'><strong>stipulis</strong></span> <span class='ocrx_word' id='word_1_51' title='bbox 986 883 1207 944; x_wconf 86' lang='lat' dir='ltr'><strong>excepta</strong></span> <span class='ocrx_word' id='word_1_52' title='bbox 1238 873 1468 927; x_wconf 89' lang='lat' dir='ltr'><strong>secunda</strong></span> <span class='ocrx_word' id='word_1_53' title='bbox 1498 883 1594 927; x_wconf 89' lang='lat' dir='ltr'><strong>est.</strong></span> 
     </span>
     <span class='ocr_line' id='line_1_10' title="bbox 163 943 1345 1015; baseline -0.002 -17"><span class='ocrx_word' id='word_1_54' title='bbox 163 945 262 999; x_wconf 92' lang='lat' dir='ltr'><strong>hoc</strong></span> <span class='ocrx_word' id='word_1_55' title='bbox 294 954 664 1015; x_wconf 83' lang='lat' dir='ltr'><strong>argumentum</strong></span> <span class='ocrx_word' id='word_1_56' title='bbox 694 944 907 997; x_wconf 88' lang='lat' dir='ltr'><strong>flamma</strong></span> <span class='ocrx_word' id='word_1_57' title='bbox 933 944 1124 996; x_wconf 90' lang='lat' dir='ltr'><strong>Parilis</strong></span> <span class='ocrx_word' id='word_1_58' title='bbox 1155 943 1345 997; x_wconf 86' lang='lat' dir='ltr'><strong>habet?</strong></span> 
     </span>
    </p>

    <p class='ocr_par' dir='ltr' id='par_1_7' title="bbox 90 1015 1368 1156">
     <span class='ocr_line' id='line_1_11' title="bbox 90 1015 1368 1086; baseline -0.003 -15"><span class='ocrx_word' id='word_1_59' title='bbox 90 1035 162 1071; x_wconf 84' lang='lat' dir='ltr'><strong>an</strong></span> <span class='ocrx_word' id='word_1_60' title='bbox 191 1016 361 1086; x_wconf 82' lang='lat' dir='ltr'><strong>magis</strong></span> <span class='ocrx_word' id='word_1_61' title='bbox 390 1015 532 1068; x_wconf 90' lang='lat' dir='ltr'><strong>hunc</strong></span> <span class='ocrx_word' id='word_1_62' title='bbox 561 1033 762 1069; x_wconf 93' lang='lat' dir='ltr'><strong>morem</strong></span> <span class='ocrx_word' id='word_1_63' title='bbox 792 1015 973 1085; x_wconf 89' lang='lat' dir='ltr'><strong>pietas·</strong></span> <span class='ocrx_word' id='word_1_64' title='bbox 990 1015 1368 1078; x_wconf 72' lang='lat' dir='ltr'><strong>Aene&#39;iafecit,</strong></span> 
     </span>
     <span class='ocr_line' id='line_1_12' title="bbox 162 1085 1238 1156; baseline -0.002 -17"><span class='ocrx_word' id='word_1_65' title='bbox 162 1086 450 1140; x_wconf 88' lang='lat' dir='ltr'><strong>innocuum</strong></span> <span class='ocrx_word' id='word_1_66' title='bbox 479 1086 619 1139; x_wconf 87' lang='lat' dir='ltr'><strong>victo</strong></span> <span class='ocrx_word' id='word_1_67' title='bbox 650 1085 736 1138; x_wconf 88' lang='lat' dir='ltr'><strong>cui</strong></span> <span class='ocrx_word' id='word_1_68' title='bbox 768 1086 911 1138; x_wconf 88' lang='lat' dir='ltr'><strong>dedit</strong></span> <span class='ocrx_word' id='word_1_69' title='bbox 940 1086 1078 1156; x_wconf 89' lang='lat' dir='ltr'><strong>ignis</strong></span> <span class='ocrx_word' id='word_1_70' title='bbox 1107 1085 1238 1139; x_wconf 87' lang='lat' dir='ltr'><strong>iter?</strong></span> 
     </span>
    </p>

    <p class='ocr_par' dir='ltr' id='par_1_8' title="bbox 90 1156 1686 1281">
     <span class='ocr_line' id='line_1_13' title="bbox 90 1156 1686 1226; baseline -0.002 -14"><span class='ocrx_word' id='word_1_71' title='bbox 90 1177 221 1212; x_wconf 83' lang='lat' dir='ltr'><strong>num</strong></span> <span class='ocrx_word' id='word_1_72' title='bbox 249 1167 426 1211; x_wconf 82' lang='lat' dir='ltr'><strong>tamen</strong></span> <span class='ocrx_word' id='word_1_73' title='bbox 457 1166 536 1210; x_wconf 88' lang='lat' dir='ltr'><strong>est</strong></span> <span class='ocrx_word' id='word_1_74' title='bbox 564 1174 690 1210; x_wconf 87' lang='lat' dir='ltr'><strong>vero</strong></span> <span class='ocrx_word' id='word_1_75' title='bbox 719 1157 960 1226; x_wconf 92' lang='lat' dir='ltr'><strong>propius,</strong></span> <span class='ocrx_word' id='word_1_76' title='bbox 993 1175 1113 1209; x_wconf 87' lang='lat' dir='ltr'><strong>cum</strong></span> <span class='ocrx_word' id='word_1_77' title='bbox 1146 1156 1356 1209; x_wconf 88' lang='lat' dir='ltr'><strong>condita</strong></span> <span class='ocrx_word' id='word_1_78' title='bbox 1386 1157 1560 1210; x_wconf 86' lang='lat' dir='ltr'><strong>Roma</strong></span> <span class='ocrx_word' id='word_1_79' title='bbox 1590 1167 1686 1221; x_wconf 89' lang='lat' dir='ltr'><strong>est,</strong></span> 
     </span>
     <span class='ocr_line' id='line_1_14' title="bbox 163 1226 1250 1281; baseline -0.002 -1"><span class='ocrx_word' id='word_1_80' title='bbox 163 1227 434 1281; x_wconf 87' lang='lat' dir='ltr'><strong>transferri</strong></span> <span class='ocrx_word' id='word_1_81' title='bbox 462 1228 632 1280; x_wconf 90' lang='lat' dir='ltr'><strong>iussos</strong></span> <span class='ocrx_word' id='word_1_82' title='bbox 659 1226 716 1279; x_wconf 90' lang='lat' dir='ltr'><strong>in</strong></span> <span class='ocrx_word' id='word_1_83' title='bbox 745 1245 884 1279; x_wconf 89' lang='lat' dir='ltr'><strong>nova</strong></span> <span class='ocrx_word' id='word_1_84' title='bbox 914 1235 1053 1280; x_wconf 85' lang='lat' dir='ltr'><strong>tecta</strong></span> <span class='ocrx_word' id='word_1_85' title='bbox 1081 1226 1250 1279; x_wconf 83' lang='lat' dir='ltr'><strong>Lares</strong></span> 
     </span>
    </p>

    <p class='ocr_par' dir='ltr' id='par_1_9' title="bbox 91 1296 1494 1366">
     <span class='ocr_line' id='line_1_15' title="bbox 91 1296 1494 1366; baseline -0.005 -14"><span class='ocrx_word' id='word_1_86' title='bbox 91 1307 462 1366; x_wconf 84' lang='lat' dir='ltr'><strong>mutantesque</strong></span> <span class='ocrx_word' id='word_1_87' title='bbox 493 1297 709 1350; x_wconf 90' lang='lat' dir='ltr'><strong>domum</strong></span> <span class='ocrx_word' id='word_1_88' title='bbox 740 1297 891 1350; x_wconf 85' lang='lat' dir='ltr'><strong>tectis</strong></span> <span class='ocrx_word' id='word_1_89' title='bbox 922 1296 1219 1366; x_wconf 85' lang='lat' dir='ltr'><strong>agrestibus</strong></span> <span class='ocrx_word' id='word_1_90' title='bbox 1249 1296 1430 1365; x_wconf 86' lang='lat' dir='ltr'><strong>ignem</strong></span> <span class='ocrx_word' id='word_1_91' title='bbox 1491 1344 1494 1345; x_wconf 10' lang='grc' dir='ltr'><em>γ</em></span> 
     </span>
    </p>

    <p class='ocr_par' dir='ltr' id='par_1_10' title="bbox 10 1367 1124 1438">
     <span class='ocr_line' id='line_1_16' title="bbox 10 1367 1124 1438; baseline -0.004 -14"><span class='ocrx_word' id='word_1_92' title='bbox 10 1407 11 1410; x_wconf 57' lang='lat'><em>=</em></span> <span class='ocrx_word' id='word_1_93' title='bbox 164 1380 218 1424; x_wconf 87' lang='lat' dir='ltr'><strong>et</strong></span> <span class='ocrx_word' id='word_1_94' title='bbox 246 1377 544 1423; x_wconf 83' lang='lat' dir='ltr'><strong>cessaturae</strong></span> <span class='ocrx_word' id='word_1_95' title='bbox 574 1367 915 1438; x_wconf 89' lang='lat' dir='ltr'><strong>supposuisse</strong></span> <span class='ocrx_word' id='word_1_96' title='bbox 947 1386 1124 1429; x_wconf 85' lang='lat' dir='ltr'><strong>casae3</strong></span> 
     </span>
    </p>

    <p class='ocr_par' dir='ltr' id='par_1_11' title="bbox 4 1438 1451 1580">
     <span class='ocr_line' id='line_1_17' title="bbox 4 1438 1451 1513; baseline -0.003 -19"><span class='ocrx_word' id='word_1_97' title='bbox 4 1447 6 1450; x_wconf 76' lang='grc'>’</span> <span class='ocrx_word' id='word_1_98' title='bbox 90 1458 188 1513; x_wconf 87' lang='lat' dir='ltr'><strong>per</strong></span> <span class='ocrx_word' id='word_1_99' title='bbox 214 1440 452 1494; x_wconf 82' lang='lat' dir='ltr'><strong>flammas</strong></span> <span class='ocrx_word' id='word_1_100' title='bbox 483 1438 704 1492; x_wconf 88' lang='lat' dir='ltr'><strong>saluisse</strong></span> <span class='ocrx_word' id='word_1_101' title='bbox 735 1456 924 1508; x_wconf 90' lang='lat' dir='ltr'><strong>pecus,</strong></span> <span class='ocrx_word' id='word_1_102' title='bbox 955 1438 1174 1491; x_wconf 89' lang='lat' dir='ltr'><strong>saluisse</strong></span> <span class='ocrx_word' id='word_1_103' title='bbox 1206 1438 1451 1491; x_wconf 81' lang='lat' dir='ltr'><strong>colonos?</strong></span> 
     </span>
     <span class='ocr_line' id='line_1_18' title="bbox 165 1508 1388 1580; baseline -0.002 -16"><span class='ocrx_word' id='word_1_104' title='bbox 165 1510 308 1580; x_wconf 89' lang='lat' dir='ltr'><strong>quod</strong></span> <span class='ocrx_word' id='word_1_105' title='bbox 335 1510 394 1563; x_wconf 83' lang='lat' dir='ltr'><strong>fit</strong></span> <span class='ocrx_word' id='word_1_106' title='bbox 421 1508 585 1563; x_wconf 88' lang='lat' dir='ltr'><strong>natali</strong></span> <span class='ocrx_word' id='word_1_107' title='bbox 613 1527 755 1562; x_wconf 92' lang='lat' dir='ltr'><strong>nunc</strong></span> <span class='ocrx_word' id='word_1_108' title='bbox 785 1526 1022 1578; x_wconf 91' lang='lat' dir='ltr'><strong>quoque,</strong></span> <span class='ocrx_word' id='word_1_109' title='bbox 1054 1508 1248 1569; x_wconf 87' lang='lat' dir='ltr'><strong>Roma,</strong></span> <span class='ocrx_word' id='word_1_110' title='bbox 1280 1520 1388 1562; x_wconf 77' lang='lat' dir='ltr'><strong>tuo·</strong></span> 
     </span>
    </p>

    <p class='ocr_par' dir='ltr' id='par_1_12' title="bbox 92 1578 1356 1721">
     <span class='ocr_line' id='line_1_19' title="bbox 92 1578 1330 1653; baseline -0.004 -17"><span class='ocrx_word' id='word_1_111' title='bbox 92 1581 206 1653; x_wconf 88' lang='lat' dir='ltr'><strong>ipse</strong></span> <span class='ocrx_word' id='word_1_112' title='bbox 235 1582 381 1636; x_wconf 89' lang='lat' dir='ltr'><strong>locus</strong></span> <span class='ocrx_word' id='word_1_113' title='bbox 412 1598 598 1634; x_wconf 82' lang='lat' dir='ltr'><strong>causas</strong></span> <span class='ocrx_word' id='word_1_114' title='bbox 628 1579 737 1633; x_wconf 84' lang='lat' dir='ltr'><strong>vati</strong></span> <span class='ocrx_word' id='word_1_115' title='bbox 766 1579 908 1633; x_wconf 87' lang='lat' dir='ltr'><strong>facit.</strong></span> <span class='ocrx_word' id='word_1_116' title='bbox 983 1578 1149 1632; x_wconf 88' lang='lat' dir='ltr'><strong>Urbis</strong></span> <span class='ocrx_word' id='word_1_117' title='bbox 1181 1579 1330 1650; x_wconf 89' lang='lat' dir='ltr'><strong>origo</strong></span> 
     </span>
     <span class='ocr_line' id='line_1_20' title="bbox 164 1649 1356 1721; baseline -0.003 -15"><span class='ocrx_word' id='word_1_118' title='bbox 164 1652 328 1707; x_wconf 87' lang='lat' dir='ltr'><strong>venit:</strong></span> <span class='ocrx_word' id='word_1_119' title='bbox 361 1651 486 1707; x_wconf 89' lang='lat' dir='ltr'><strong>ades</strong></span> <span class='ocrx_word' id='word_1_120' title='bbox 517 1651 694 1714; x_wconf 87' lang='lat' dir='ltr'><strong>factis,</strong></span> <span class='ocrx_word' id='word_1_121' title='bbox 725 1670 918 1721; x_wconf 84' lang='lat' dir='ltr'><strong>magne</strong></span> <span class='ocrx_word' id='word_1_122' title='bbox 949 1649 1200 1717; x_wconf 84' lang='lat' dir='ltr'><strong>Quirine,</strong></span> <span class='ocrx_word' id='word_1_123' title='bbox 1230 1650 1356 1703; x_wconf 82' lang='lat' dir='ltr'><strong>tuis!</strong></span> 
     </span>
    </p>

    <p class='ocr_par' dir='ltr' id='par_1_13' title="bbox 91 1721 1430 1794">
     <span class='ocr_line' id='line_1_21' title="bbox 91 1721 1430 1794; baseline -0.001 -18"><span class='ocrx_word' id='word_1_124' title='bbox 91 1723 198 1777; x_wconf 86' lang='lat' dir='ltr'><strong>iam</strong></span> <span class='ocrx_word' id='word_1_125' title='bbox 227 1723 397 1777; x_wconf 85' lang='lat' dir='ltr'><strong>luerat</strong></span> <span class='ocrx_word' id='word_1_126' title='bbox 425 1740 622 1794; x_wconf 87' lang='lat' dir='ltr'><strong>poenas</strong></span> <span class='ocrx_word' id='word_1_127' title='bbox 651 1722 813 1775; x_wconf 89' lang='lat' dir='ltr'><strong>frater</strong></span> <span class='ocrx_word' id='word_1_128' title='bbox 842 1721 1160 1784; x_wconf 89' lang='lat' dir='ltr'><strong>Numitoris,</strong></span> <span class='ocrx_word' id='word_1_129' title='bbox 1192 1732 1244 1775; x_wconf 91' lang='lat' dir='ltr'><strong>et</strong></span> <span class='ocrx_word' id='word_1_130' title='bbox 1275 1740 1430 1775; x_wconf 87' lang='lat' dir='ltr'><strong>omne</strong></span> 
     </span>
    </p>

    <p class='ocr_par' dir='ltr' id='par_1_14' title="bbox 12 1793 1454 2018">
     <span class='ocr_line' id='line_1_22' title="bbox 12 1793 1349 1865; baseline -0.002 -17"><span class='ocrx_word' id='word_1_131' title='bbox 12 1852 13 1857; x_wconf 47' lang='lat'><strong>,</strong></span> <span class='ocrx_word' id='word_1_132' title='bbox 163 1803 434 1865; x_wconf 89' lang='lat' dir='ltr'><strong>pastorum</strong></span> <span class='ocrx_word' id='word_1_133' title='bbox 463 1793 676 1865; x_wconf 87' lang='lat' dir='ltr'><strong>gemino</strong></span> <span class='ocrx_word' id='word_1_134' title='bbox 708 1793 806 1846; x_wconf 91' lang='lat' dir='ltr'><strong>sub</strong></span> <span class='ocrx_word' id='word_1_135' title='bbox 838 1793 972 1847; x_wconf 91' lang='lat' dir='ltr'><strong>duce</strong></span> <span class='ocrx_word' id='word_1_136' title='bbox 1002 1793 1191 1862; x_wconf 85' lang='lat' dir='ltr'><strong>volgus</strong></span> <span class='ocrx_word' id='word_1_137' title='bbox 1221 1804 1349 1846; x_wconf 72' lang='lat' dir='ltr'><strong>erat,</strong></span> 
     </span>
     <span class='ocr_line' id='line_1_23' title="bbox 92 1864 1454 1935; baseline -0.002 -15"><span class='ocrx_word' id='word_1_138' title='bbox 92 1864 401 1920; x_wconf 87' lang='lat' dir='ltr'><strong>contrahere</strong></span> <span class='ocrx_word' id='word_1_139' title='bbox 431 1872 664 1935; x_wconf 80' lang='lat' dir='ltr'><strong>agrestes</strong></span> <span class='ocrx_word' id='word_1_140' title='bbox 695 1873 747 1918; x_wconf 93' lang='lat' dir='ltr'><strong>et</strong></span> <span class='ocrx_word' id='word_1_141' title='bbox 776 1864 984 1918; x_wconf 90' lang='lat' dir='ltr'><strong>moenia</strong></span> <span class='ocrx_word' id='word_1_142' title='bbox 1013 1882 1211 1935; x_wconf 89' lang='lat' dir='ltr'><strong>ponere</strong></span> <span class='ocrx_word' id='word_1_143' title='bbox 1242 1865 1454 1933; x_wconf 88' lang='lat' dir='ltr'><strong>utrique</strong></span> 
     </span>
     <span class='ocr_line' id='line_1_24' title="bbox 165 1934 1364 2018; baseline -0.003 -28"><span class='ocrx_word' id='word_1_144' title='bbox 165 1935 431 1990; x_wconf 86' lang='lat' dir='ltr'><strong>convenit:</strong></span> <span class='ocrx_word' id='word_1_145' title='bbox 463 1934 773 2018; x_wconf 82' lang='lat' dir='ltr'><strong>ambigitur,</strong></span> <span class='ocrx_word' id='word_1_146' title='bbox 804 1934 1013 1988; x_wconf 90' lang='lat' dir='ltr'><strong>moenia</strong></span> <span class='ocrx_word' id='word_1_147' title='bbox 1080 1945 1205 1988; x_wconf 90' lang='lat' dir='ltr'><strong>onat</strong></span> <span class='ocrx_word' id='word_1_148' title='bbox 1233 1945 1364 1988; x_wconf 88' lang='lat' dir='ltr'><strong>uter.</strong></span> 
     </span>
    </p>

    <p class='ocr_par' dir='ltr' id='par_1_15' title="bbox 93 1953 1501 2148">
     <span class='ocr_line' id='line_1_25' title="bbox 93 1953 1501 2077; baseline -0.001 -17"><span class='ocrx_word' id='word_1_149' title='bbox 93 2007 193 2060; x_wconf 87' lang='lat' dir='ltr'><strong>‘nil</strong></span> <span class='ocrx_word' id='word_1_150' title='bbox 223 2025 355 2077; x_wconf 78' lang='lat' dir='ltr'><strong>opus</strong></span> <span class='ocrx_word' id='word_1_151' title='bbox 386 2006 486 2060; x_wconf 83' lang='lat' dir='ltr'><strong>est’</strong></span> <span class='ocrx_word' id='word_1_152' title='bbox 519 2006 651 2059; x_wconf 83' lang='lat' dir='ltr'><strong>dix1t</strong></span> <span class='ocrx_word' id='word_1_153' title='bbox 681 2005 1011 2059; x_wconf 87' lang='lat' dir='ltr'><strong>‘certamine&#39;</strong></span> <span class='ocrx_word' id='word_1_154' title='bbox 1042 1953 1304 2059; x_wconf 46' lang='lat' dir='ltr'><strong>Romulus</strong></span> <span class='ocrx_word' id='word_1_155' title='bbox 1342 2005 1501 2059; x_wconf 75' lang='lat' dir='ltr'><strong>‘ulloz</strong></span> 
     </span>
     <span class='ocr_line' id='line_1_26' title="bbox 164 2077 1450 2148; baseline -0.001 -18"><span class='ocrx_word' id='word_1_156' title='bbox 164 2097 360 2148; x_wconf 86' lang='lat' dir='ltr'><strong>magna</strong></span> <span class='ocrx_word' id='word_1_157' title='bbox 388 2077 519 2130; x_wconf 89' lang='lat' dir='ltr'><strong>fides</strong></span> <span class='ocrx_word' id='word_1_158' title='bbox 550 2077 855 2130; x_wconf 36' lang='lat' dir='ltr'><strong>aviumfest.</strong></span> <span class='ocrx_word' id='word_1_159' title='bbox 929 2077 1263 2146; x_wconf 87' lang='lat' dir='ltr'><strong>experiamur</strong></span> <span class='ocrx_word' id='word_1_160' title='bbox 1291 2077 1450 2130; x_wconf 60' lang='lat' dir='ltr'><strong>aves!</strong></span> 
     </span>
    </p>
   </div>
   <div class='ocr_carea' id='block_1_4' title="bbox 9 2147 1414 2219">
    <p class='ocr_par' dir='ltr' id='par_1_16' title="bbox 9 2147 1414 2219">
     <span class='ocr_line' id='line_1_27' title="bbox 9 2147 1414 2219; baseline -0.003 -16"><span class='ocrx_word' id='word_1_161' title='bbox 9 2206 13 2216; x_wconf 66' lang='grc'>,</span> <span class='ocrx_word' id='word_1_162' title='bbox 93 2167 178 2203; x_wconf 89' lang='lat' dir='ltr'><strong>res</strong></span> <span class='ocrx_word' id='word_1_163' title='bbox 208 2149 422 2219; x_wconf 77' lang='lat' dir='ltr'><strong>placet..</strong></span> <span class='ocrx_word' id='word_1_164' title='bbox 455 2147 602 2217; x_wconf 70' lang='lat' dir='ltr'><strong>¹alter</strong></span> <span class='ocrx_word' id='word_1_165' title='bbox 631 2147 740 2200; x_wconf 87' lang='lat' dir='ltr'><strong>adit</strong></span> <span class='ocrx_word' id='word_1_166' title='bbox 768 2147 1031 2201; x_wconf 88' lang='lat' dir='ltr'><strong>nemorosi</strong></span> <span class='ocrx_word' id='word_1_167' title='bbox 1063 2166 1192 2200; x_wconf 87' lang='lat' dir='ltr'><strong>saxa</strong></span> <span class='ocrx_word' id='word_1_168' title='bbox 1221 2147 1414 2209; x_wconf 87' lang='lat' dir='ltr'><strong>Palati,</strong></span> 
     </span>
    </p>
   </div>
   <div class='ocr_carea' id='block_1_5' title="bbox 164 2218 1263 2273">
    <p class='ocr_par' dir='ltr' id='par_1_17' title="bbox 164 2218 1263 2273">
     <span class='ocr_line' id='line_1_28' title="bbox 164 2218 1263 2273; baseline -0.002 -1"><span class='ocrx_word' id='word_1_169' title='bbox 164 2220 296 2272; x_wconf 90' lang='lat' dir='ltr'><strong>alter</strong></span> <span class='ocrx_word' id='word_1_170' title='bbox 325 2219 654 2273; x_wconf 89' lang='lat' dir='ltr'><strong>Aventinum</strong></span> <span class='ocrx_word' id='word_1_171' title='bbox 682 2236 837 2271; x_wconf 90' lang='lat' dir='ltr'><strong>mane</strong></span> <span class='ocrx_word' id='word_1_172' title='bbox 868 2236 1121 2272; x_wconf 89' lang='lat' dir='ltr'><strong>cacumen</strong></span> <span class='ocrx_word' id='word_1_173' title='bbox 1150 2218 1263 2271; x_wconf 89' lang='lat' dir='ltr'><strong>init.</strong></span> 
     </span>
    </p>
   </div>
   <div class='ocr_carea' id='block_1_6' title="bbox 11 2289 1686 2360">
    <p class='ocr_par' dir='ltr' id='par_1_18' title="bbox 11 2289 1686 2360">
     <span class='ocr_line' id='line_1_29' title="bbox 11 2289 1686 2360; baseline 0 -16"><span class='ocrx_word' id='word_1_174' title='bbox 11 2327 14 2352; x_wconf 32' lang='grc' dir='ltr'><strong>ὲ</strong></span> <span class='ocrx_word' id='word_1_175' title='bbox 90 2309 188 2346; x_wconf 85' lang='lat' dir='ltr'><strong>sex</strong></span> <span class='ocrx_word' id='word_1_176' title='bbox 216 2289 442 2352; x_wconf 87' lang='lat' dir='ltr'><strong>Remus,</strong></span> <span class='ocrx_word' id='word_1_177' title='bbox 473 2289 558 2351; x_wconf 82' lang='lat' dir='ltr'><strong>hic</strong></span> <span class='ocrx_word' id='word_1_178' title='bbox 589 2289 828 2343; x_wconf 87' lang='lat' dir='ltr'><strong>volucres</strong></span> <span class='ocrx_word' id='word_1_179' title='bbox 859 2289 940 2341; x_wconf 90' lang='lat' dir='ltr'><strong>bis</strong></span> <span class='ocrx_word' id='word_1_180' title='bbox 972 2308 1066 2342; x_wconf 85' lang='lat' dir='ltr'><strong>sex</strong></span> <span class='ocrx_word' id='word_1_181' title='bbox 1096 2289 1240 2343; x_wconf 86' lang='lat' dir='ltr'><strong>videt</strong></span> <span class='ocrx_word' id='word_1_182' title='bbox 1270 2289 1468 2343; x_wconf 88' lang='lat' dir='ltr'><strong>ordine.</strong></span> <span class='ocrx_word' id='word_1_183' title='bbox 1530 2299 1686 2360; x_wconf 88' lang='lat' dir='ltr'><strong>pacto</strong></span> 
     </span>
    </p>
   </div>
   <div class='ocr_carea' id='block_1_7' title="bbox 67 2359 1414 2571">
    <p class='ocr_par' dir='ltr' id='par_1_19' title="bbox 67 2359 1414 2571">
     <span class='ocr_line' id='line_1_30' title="bbox 165 2359 1414 2424; baseline -0.001 -10"><span class='ocrx_word' id='word_1_184' title='bbox 165 2369 355 2424; x_wconf 88' lang='lat' dir='ltr'><strong>statur,</strong></span> <span class='ocrx_word' id='word_1_185' title='bbox 386 2369 438 2414; x_wconf 86' lang='lat' dir='ltr'><strong>et</strong></span> <span class='ocrx_word' id='word_1_186' title='bbox 467 2360 741 2413; x_wconf 89' lang='lat' dir='ltr'><strong>arbitrium</strong></span> <span class='ocrx_word' id='word_1_187' title='bbox 770 2360 1031 2413; x_wconf 88' lang='lat' dir='ltr'><strong>Romulus</strong></span> <span class='ocrx_word' id='word_1_188' title='bbox 1061 2360 1207 2413; x_wconf 91' lang='lat' dir='ltr'><strong>urbis</strong></span> <span class='ocrx_word' id='word_1_189' title='bbox 1237 2359 1414 2413; x_wconf 88' lang='lat' dir='ltr'><strong>habet.</strong></span> 
     </span>
     <span class='ocr_line' id='line_1_31' title="bbox 92 2430 1398 2503; baseline -0.002 -18"><span class='ocrx_word' id='word_1_190' title='bbox 92 2440 217 2503; x_wconf 87' lang='lat' dir='ltr'><strong>apta</strong></span> <span class='ocrx_word' id='word_1_191' title='bbox 246 2431 357 2485; x_wconf 91' lang='lat' dir='ltr'><strong>dies</strong></span> <span class='ocrx_word' id='word_1_192' title='bbox 386 2431 603 2501; x_wconf 88' lang='lat' dir='ltr'><strong>legitur,</strong></span> <span class='ocrx_word' id='word_1_193' title='bbox 635 2449 740 2499; x_wconf 89' lang='lat' dir='ltr'><strong>qua</strong></span> <span class='ocrx_word' id='word_1_194' title='bbox 768 2431 976 2483; x_wconf 90' lang='lat' dir='ltr'><strong>moenia</strong></span> <span class='ocrx_word' id='word_1_195' title='bbox 1006 2430 1178 2500; x_wconf 87' lang='lat' dir='ltr'><strong>signet</strong></span> <span class='ocrx_word' id='word_1_196' title='bbox 1208 2442 1398 2483; x_wconf 90' lang='lat' dir='ltr'><strong>aratro.</strong></span> 
     </span>
     <span class='ocr_line' id='line_1_32' title="bbox 67 2499 1398 2571; baseline -0.002 -15"><span class='ocrx_word' id='word_1_197' title='bbox 67 2520 70 2521; x_wconf 69' lang='grc'>’</span> <span class='ocrx_word' id='word_1_198' title='bbox 105 2499 125 2539; x_wconf 59' lang='lat'><strong>³·</strong></span> <span class='ocrx_word' id='word_1_199' title='bbox 165 2521 314 2556; x_wconf 86' lang='lat' dir='ltr'><strong>sacra</strong></span> <span class='ocrx_word' id='word_1_200' title='bbox 341 2501 488 2554; x_wconf 90' lang='lat' dir='ltr'><strong>Palis</strong></span> <span class='ocrx_word' id='word_1_201' title='bbox 519 2501 791 2555; x_wconf 86' lang='lat' dir='ltr'><strong>suberant:</strong></span> <span class='ocrx_word' id='word_1_202' title='bbox 822 2502 944 2555; x_wconf 90' lang='lat' dir='ltr'><strong>inde</strong></span> <span class='ocrx_word' id='word_1_203' title='bbox 974 2511 1217 2555; x_wconf 88' lang='lat' dir='ltr'><strong>movetur</strong></span> <span class='ocrx_word' id='word_1_204' title='bbox 1247 2520 1398 2571; x_wconf 76' lang='lat' dir='ltr'><strong>opus·</strong></span> 
     </span>
    </p>
   </div>
   <div class='ocr_carea' id='block_1_8' title="bbox 13 2571 1424 2642">
    <p class='ocr_par' dir='ltr' id='par_1_20' title="bbox 13 2571 1424 2642">
     <span class='ocr_line' id='line_1_33' title="bbox 13 2571 1424 2642; baseline -0.001 -15"><span class='ocrx_word' id='word_1_205' title='bbox 13 2619 18 2640; x_wconf 69' lang='lat'><strong>,</strong></span> <span class='ocrx_word' id='word_1_206' title='bbox 92 2571 236 2628; x_wconf 79' lang='lat' dir='ltr'><strong>fossa</strong></span> <span class='ocrx_word' id='word_1_207' title='bbox 264 2573 323 2626; x_wconf 82' lang='lat' dir='ltr'><strong>fit</strong></span> <span class='ocrx_word' id='word_1_208' title='bbox 352 2573 420 2626; x_wconf 90' lang='lat' dir='ltr'><strong>ad</strong></span> <span class='ocrx_word' id='word_1_209' title='bbox 451 2572 698 2636; x_wconf 85' lang='lat' dir='ltr'><strong>solidum3</strong></span> <span class='ocrx_word' id='word_1_210' title='bbox 728 2573 909 2642; x_wconf 87' lang='lat' dir='ltr'><strong>fruges</strong></span> <span class='ocrx_word' id='word_1_211' title='bbox 940 2572 1204 2626; x_wconf 83' lang='lat' dir='ltr'><strong>iaciuntur</strong></span> <span class='ocrx_word' id='word_1_212' title='bbox 1232 2572 1286 2624; x_wconf 91' lang='lat' dir='ltr'><strong>in</strong></span> <span class='ocrx_word' id='word_1_213' title='bbox 1317 2573 1424 2625; x_wconf 88' lang='lat' dir='ltr'><strong>ima</strong></span> 
     </span>
    </p>
   </div>
   <div class='ocr_carea' id='block_1_9' title="bbox 14 2643 1538 3140">
    <p class='ocr_par' dir='ltr' id='par_1_21' title="bbox 167 2643 1038 2714">
     <span class='ocr_line' id='line_1_34' title="bbox 167 2643 1038 2714; baseline -0.002 -16"><span class='ocrx_word' id='word_1_214' title='bbox 167 2653 219 2698; x_wconf 87' lang='lat' dir='ltr'><strong>et</strong></span> <span class='ocrx_word' id='word_1_215' title='bbox 248 2643 314 2698; x_wconf 80' lang='lat' dir='ltr'><strong>de</strong></span> <span class='ocrx_word' id='word_1_216' title='bbox 343 2644 516 2698; x_wconf 88' lang='lat' dir='ltr'><strong>vicino</strong></span> <span class='ocrx_word' id='word_1_217' title='bbox 546 2652 686 2698; x_wconf 90' lang='lat' dir='ltr'><strong>terra</strong></span> <span class='ocrx_word' id='word_1_218' title='bbox 715 2644 880 2714; x_wconf 88' lang='lat' dir='ltr'><strong>petita</strong></span> <span class='ocrx_word' id='word_1_219' title='bbox 910 2645 1038 2697; x_wconf 77' lang='lat' dir='ltr'><strong>solo·</strong></span> 
     </span>
    </p>

    <p class='ocr_par' dir='ltr' id='par_1_22' title="bbox 15 2713 1486 2785">
     <span class='ocr_line' id='line_1_35' title="bbox 15 2713 1486 2785; baseline -0.001 -17"><span class='ocrx_word' id='word_1_220' title='bbox 15 2748 18 2774; x_wconf 70' lang='lat' dir='ltr'>z</span> <span class='ocrx_word' id='word_1_221' title='bbox 77 2713 237 2768; x_wconf 79' lang='lat' dir='ltr'><strong>&#39;fossa</strong></span> <span class='ocrx_word' id='word_1_222' title='bbox 265 2715 496 2785; x_wconf 89' lang='lat' dir='ltr'><strong>repletur</strong></span> <span class='ocrx_word' id='word_1_223' title='bbox 522 2714 710 2778; x_wconf 91' lang='lat' dir='ltr'><strong>humo,</strong></span> <span class='ocrx_word' id='word_1_224' title='bbox 739 2715 1031 2784; x_wconf 89' lang='lat' dir='ltr'><strong>plenaeque</strong></span> <span class='ocrx_word' id='word_1_225' title='bbox 1062 2715 1347 2784; x_wconf 85' lang='lat' dir='ltr'><strong>imponitur</strong></span> <span class='ocrx_word' id='word_1_226' title='bbox 1377 2734 1486 2777; x_wconf 86' lang='lat' dir='ltr'><strong>ara,</strong></span> 
     </span>
    </p>

    <p class='ocr_par' dir='ltr' id='par_1_23' title="bbox 14 2785 1291 2855">
     <span class='ocr_line' id='line_1_36' title="bbox 14 2785 1291 2855; baseline -0.002 -16"><span class='ocrx_word' id='word_1_227' title='bbox 14 2796 15 2799; x_wconf 78' lang='grc'>’</span> <span class='ocrx_word' id='word_1_228' title='bbox 167 2796 219 2840; x_wconf 90' lang='lat' dir='ltr'><strong>et</strong></span> <span class='ocrx_word' id='word_1_229' title='bbox 247 2804 415 2838; x_wconf 89' lang='lat' dir='ltr'><strong>novus</strong></span> <span class='ocrx_word' id='word_1_230' title='bbox 447 2803 669 2839; x_wconf 85' lang='lat' dir='ltr'><strong>accenso</strong></span> <span class='ocrx_word' id='word_1_231' title='bbox 697 2785 939 2855; x_wconf 83' lang='lat' dir='ltr'><strong>fungitur</strong></span> <span class='ocrx_word' id='word_1_232' title='bbox 968 2786 1091 2855; x_wconf 84' lang='lat' dir='ltr'><strong>igne</strong></span> <span class='ocrx_word' id='word_1_233' title='bbox 1122 2787 1291 2838; x_wconf 88' lang='lat' dir='ltr'><strong>focus.</strong></span> 
     </span>
    </p>

    <p class='ocr_par' dir='ltr' id='par_1_24' title="bbox 93 2855 1420 2997">
     <span class='ocr_line' id='line_1_37' title="bbox 93 2855 1420 2927; baseline -0.002 -17"><span class='ocrx_word' id='word_1_234' title='bbox 93 2856 216 2910; x_wconf 86' lang='lat' dir='ltr'><strong>inde</strong></span> <span class='ocrx_word' id='word_1_235' title='bbox 245 2875 488 2927; x_wconf 91' lang='lat' dir='ltr'><strong>premens</strong></span> <span class='ocrx_word' id='word_1_236' title='bbox 519 2855 708 2909; x_wconf 89' lang='lat' dir='ltr'><strong>stivam</strong></span> <span class='ocrx_word' id='word_1_237' title='bbox 739 2856 982 2926; x_wconf 85' lang='lat' dir='ltr'><strong>designat</strong></span> <span class='ocrx_word' id='word_1_238' title='bbox 1011 2856 1220 2910; x_wconf 89' lang='lat' dir='ltr'><strong>moenia</strong></span> <span class='ocrx_word' id='word_1_239' title='bbox 1249 2857 1420 2909; x_wconf 88' lang='lat' dir='ltr'><strong>sulco:</strong></span> 
     </span>
     <span class='ocr_line' id='line_1_38' title="bbox 166 2926 1362 2997; baseline -0.002 -17"><span class='ocrx_word' id='word_1_240' title='bbox 166 2927 287 2981; x_wconf 89' lang='lat' dir='ltr'><strong>alba</strong></span> <span class='ocrx_word' id='word_1_241' title='bbox 314 2927 502 2997; x_wconf 83' lang='lat' dir='ltr'><strong>iugum</strong></span> <span class='ocrx_word' id='word_1_242' title='bbox 530 2926 685 2980; x_wconf 88' lang='lat' dir='ltr'><strong>niveo</strong></span> <span class='ocrx_word' id='word_1_243' title='bbox 716 2945 837 2980; x_wconf 90' lang='lat' dir='ltr'><strong>cum</strong></span> <span class='ocrx_word' id='word_1_244' title='bbox 871 2927 1004 2980; x_wconf 90' lang='lat' dir='ltr'><strong>bove</strong></span> <span class='ocrx_word' id='word_1_245' title='bbox 1035 2944 1198 2980; x_wconf 89' lang='lat' dir='ltr'><strong>vacca</strong></span> <span class='ocrx_word' id='word_1_246' title='bbox 1226 2927 1362 2979; x_wconf 87' lang='lat' dir='ltr'><strong>tulit.</strong></span> 
     </span>
    </p>

    <p class='ocr_par' dir='ltr' id='par_1_25' title="bbox 19 2997 1538 3068">
     <span class='ocr_line' id='line_1_39' title="bbox 19 2997 1538 3068; baseline -0.002 -16"><span class='ocrx_word' id='word_1_247' title='bbox 19 3049 21 3060; x_wconf 89' lang='grc'>,</span> <span class='ocrx_word' id='word_1_248' title='bbox 95 3015 200 3052; x_wconf 79' lang='lat' dir='ltr'><strong>vox</strong></span> <span class='ocrx_word' id='word_1_249' title='bbox 229 2998 331 3051; x_wconf 81' lang='lat' dir='ltr'><strong>fuit</strong></span> <span class='ocrx_word' id='word_1_250' title='bbox 359 2998 490 3052; x_wconf 89' lang='lat' dir='ltr'><strong>haec</strong></span> <span class='ocrx_word' id='word_1_251' title='bbox 519 2998 684 3068; x_wconf 89' lang='lat' dir='ltr'><strong>regis:</strong></span> <span class='ocrx_word' id='word_1_252' title='bbox 718 2997 1009 3060; x_wconf 87' lang='lat' dir='ltr'><strong>‘condenti,</strong></span> <span class='ocrx_word' id='word_1_253' title='bbox 1040 2997 1303 3067; x_wconf 90' lang='lat' dir='ltr'><strong>Iuppiter,</strong></span> <span class='ocrx_word' id='word_1_254' title='bbox 1334 2997 1538 3060; x_wconf 85' lang='lat' dir='ltr'><strong>urbem,</strong></span> 
     </span>
    </p>

    <p class='ocr_par' dir='ltr' id='par_1_26' title="bbox 167 3068 1405 3140">
     <span class='ocr_line' id='line_1_40' title="bbox 167 3068 1405 3140; baseline -0.002 -17"><span class='ocrx_word' id='word_1_255' title='bbox 167 3078 220 3123; x_wconf 84' lang='lat' dir='ltr'><strong>et</strong></span> <span class='ocrx_word' id='word_1_256' title='bbox 246 3068 454 3140; x_wconf 88' lang='lat' dir='ltr'><strong>genitor</strong></span> <span class='ocrx_word' id='word_1_257' title='bbox 482 3068 701 3121; x_wconf 87' lang='lat' dir='ltr'><strong>Mavors</strong></span> <span class='ocrx_word' id='word_1_258' title='bbox 732 3068 1003 3137; x_wconf 87' lang='lat' dir='ltr'><strong>Vestaque</strong></span> <span class='ocrx_word' id='word_1_259' title='bbox 1033 3079 1223 3129; x_wconf 87' lang='lat' dir='ltr'><strong>mater,</strong></span> <span class='ocrx_word' id='word_1_260' title='bbox 1255 3068 1405 3121; x_wconf 73' lang='lat' dir='ltr'><strong>ades!</strong></span> 
     </span>
    </p>
   </div>
   <div class='ocr_carea' id='block_1_10' title="bbox 18 3138 1594 3209">
    <p class='ocr_par' dir='ltr' id='par_1_27' title="bbox 18 3138 1594 3209">
     <span class='ocr_line' id='line_1_41' title="bbox 18 3138 1594 3209; baseline 0 -17"><span class='ocrx_word' id='word_1_261' title='bbox 18 3156 21 3166; x_wconf 60' lang='lat'>¹</span> <span class='ocrx_word' id='word_1_262' title='bbox 94 3155 334 3209; x_wconf 89' lang='lat' dir='ltr'><strong>quosque</strong></span> <span class='ocrx_word' id='word_1_263' title='bbox 363 3139 511 3209; x_wconf 91' lang='lat' dir='ltr'><strong>pium</strong></span> <span class='ocrx_word' id='word_1_264' title='bbox 541 3149 620 3192; x_wconf 87' lang='lat' dir='ltr'><strong>est</strong></span> <span class='ocrx_word' id='word_1_265' title='bbox 649 3138 898 3193; x_wconf 90' lang='lat' dir='ltr'><strong>adhibere</strong></span> <span class='ocrx_word' id='word_1_266' title='bbox 928 3139 1053 3192; x_wconf 91' lang='lat' dir='ltr'><strong>deos</strong></span> <span class='ocrx_word' id='word_1_267' title='bbox 1063 3151 1078 3201; x_wconf 92' lang='grc'><strong>,·</strong></span> <span class='ocrx_word' id='word_1_268' title='bbox 1109 3139 1363 3193; x_wconf 87' lang='lat' dir='ltr'><strong>advertite</strong></span> <span class='ocrx_word' id='word_1_269' title='bbox 1395 3139 1594 3193; x_wconf 83' lang='lat' dir='ltr'><strong>cuncti!</strong></span> 
     </span>
    </p>
   </div>
   <div class='ocr_carea' id='block_1_11' title="bbox 96 3210 1547 3564">
    <p class='ocr_par' dir='ltr' id='par_1_28' title="bbox 168 3210 1331 3281">
     <span class='ocr_line' id='line_1_42' title="bbox 168 3210 1331 3281; baseline -0.001 -18"><span class='ocrx_word' id='word_1_270' title='bbox 168 3211 468 3281; x_wconf 88' lang='lat' dir='ltr'><strong>auspicibus</strong></span> <span class='ocrx_word' id='word_1_271' title='bbox 498 3210 650 3264; x_wconf 85' lang='lat' dir='ltr'><strong>vobis</strong></span> <span class='ocrx_word' id='word_1_272' title='bbox 679 3210 779 3263; x_wconf 92' lang='lat' dir='ltr'><strong>hoc</strong></span> <span class='ocrx_word' id='word_1_273' title='bbox 808 3210 938 3263; x_wconf 90' lang='lat' dir='ltr'><strong>mihi</strong></span> <span class='ocrx_word' id='word_1_274' title='bbox 967 3220 1161 3280; x_wconf 66' lang='lat' dir='ltr'><strong>surgat</strong></span> <span class='ocrx_word' id='word_1_275' title='bbox 1181 3228 1331 3280; x_wconf 87' lang='lat' dir='ltr'><strong>opus.</strong></span> 
     </span>
    </p>

    <p class='ocr_par' dir='ltr' id='par_1_29' title="bbox 96 3279 1547 3421">
     <span class='ocr_line' id='line_1_43' title="bbox 96 3279 1547 3364; baseline 0.001 -30"><span class='ocrx_word' id='word_1_276' title='bbox 96 3279 258 3364; x_wconf 82' lang='lat' dir='ltr'><strong>longa</strong></span> <span class='ocrx_word' id='word_1_277' title='bbox 286 3281 354 3334; x_wconf 88' lang='lat' dir='ltr'><strong>sit</strong></span> <span class='ocrx_word' id='word_1_278' title='bbox 382 3281 506 3334; x_wconf 88' lang='lat' dir='ltr'><strong>huic</strong></span> <span class='ocrx_word' id='word_1_279' title='bbox 528 3290 681 3335; x_wconf 83' lang='lat' dir='ltr'><strong>aetas</strong></span> <span class='ocrx_word' id='word_1_280' title='bbox 711 3281 1063 3350; x_wconf 88' lang='lat' dir='ltr'><strong>dominaeque</strong></span> <span class='ocrx_word' id='word_1_281' title='bbox 1094 3282 1329 3351; x_wconf 88' lang='lat' dir='ltr'><strong>potentia</strong></span> <span class='ocrx_word' id='word_1_282' title='bbox 1358 3292 1547 3345; x_wconf 88' lang='lat' dir='ltr'><strong>terrae,</strong></span> 
     </span>
     <span class='ocr_line' id='line_1_44' title="bbox 169 3351 1363 3421; baseline 0 -17"><span class='ocrx_word' id='word_1_283' title='bbox 169 3361 339 3421; x_wconf 74' lang='lat' dir='ltr'><strong>sltque</strong></span> <span class='ocrx_word' id='word_1_284' title='bbox 369 3351 598 3414; x_wconf 78' lang='lat' dir='ltr'><strong>subhac</strong></span> <span class='ocrx_word' id='word_1_285' title='bbox 628 3352 799 3406; x_wconf 85' lang='lat' dir='ltr'><strong>oriens</strong></span> <span class='ocrx_word' id='word_1_286' title='bbox 831 3353 1187 3420; x_wconf 87' lang='lat' dir='ltr'><strong>occiduusque</strong></span> <span class='ocrx_word' id='word_1_287' title='bbox 1219 3353 1363 3405; x_wconf 87' lang='lat' dir='ltr'><strong>dies.’</strong></span> 
     </span>
    </p>

    <p class='ocr_par' dir='ltr' id='par_1_30' title="bbox 97 3420 1372 3564">
     <span class='ocr_line' id='line_1_45' title="bbox 97 3420 1372 3491; baseline 0.002 -17"><span class='ocrx_word' id='word_1_288' title='bbox 97 3420 186 3474; x_wconf 89' lang='lat' dir='ltr'><strong>ille</strong></span> <span class='ocrx_word' id='word_1_289' title='bbox 214 3423 542 3491; x_wconf 87' lang='lat' dir='ltr'><strong>precabatur.</strong></span> <span class='ocrx_word' id='word_1_290' title='bbox 616 3423 812 3477; x_wconf 85' lang='lat' dir='ltr'><strong>tonitru</strong></span> <span class='ocrx_word' id='word_1_291' title='bbox 842 3424 986 3477; x_wconf 87' lang='lat' dir='ltr'><strong>dedit</strong></span> <span class='ocrx_word' id='word_1_292' title='bbox 1016 3424 1192 3476; x_wconf 85' lang='lat' dir='ltr'><strong>omina</strong></span> <span class='ocrx_word' id='word_1_293' title='bbox 1221 3424 1372 3477; x_wconf 87' lang='lat' dir='ltr'><strong>laevo</strong></span> 
     </span>
     <span class='ocr_line' id='line_1_46' title="bbox 168 3492 1300 3564; baseline 0.004 -20"><span class='ocrx_word' id='word_1_294' title='bbox 168 3492 429 3563; x_wconf 91' lang='lat' dir='ltr'><strong>Iuppiter,</strong></span> <span class='ocrx_word' id='word_1_295' title='bbox 461 3502 513 3547; x_wconf 86' lang='lat' dir='ltr'><strong>et</strong></span> <span class='ocrx_word' id='word_1_296' title='bbox 541 3494 692 3555; x_wconf 76' lang='lat' dir='ltr'><strong>laevo</strong></span> <span class='ocrx_word' id='word_1_297' title='bbox 723 3494 945 3548; x_wconf 85' lang='lat' dir='ltr'><strong>fulmina</strong></span> <span class='ocrx_word' id='word_1_298' title='bbox 974 3493 1134 3549; x_wconf 90' lang='lat' dir='ltr'><strong>missa</strong></span> <span class='ocrx_word' id='word_1_299' title='bbox 1161 3495 1300 3564; x_wconf 79' lang='lat' dir='ltr'><strong>polo·</strong></span> 
     </span>
    </p>
   </div>
   <div class='ocr_carea' id='block_1_12' title="bbox 1736 336 1803 388">
    <p class='ocr_par' dir='ltr' id='par_1_31' title="bbox 1736 336 1803 388">
     <span class='ocr_line' id='line_1_47' title="bbox 1736 336 1803 388; baseline 0 0"><span class='ocrx_word' id='word_1_300' title='bbox 1736 336 1803 388; x_wconf 81' lang='lat'><strong>77</strong></span> 
     </span>
    </p>
   </div>
   <div class='ocr_carea' id='block_1_13' title="bbox 1836 748 1918 787">
    <p class='ocr_par' dir='ltr' id='par_1_32' title="bbox 1836 748 1918 787">
     <span class='ocr_line' id='line_1_48' title="bbox 1836 748 1918 787; baseline 0 0"><span class='ocrx_word' id='word_1_301' title='bbox 1836 748 1918 787; x_wconf 81' lang='lat'><strong>795</strong></span> 
     </span>
    </p>
   </div>
   <div class='ocr_carea' id='block_1_14' title="bbox 1833 1104 1918 1144">
    <p class='ocr_par' dir='ltr' id='par_1_33' title="bbox 1833 1104 1918 1144">
     <span class='ocr_line' id='line_1_49' title="bbox 1833 1104 1918 1144; baseline 0 0"><span class='ocrx_word' id='word_1_302' title='bbox 1833 1104 1918 1144; x_wconf 91' lang='grc'><strong>800</strong></span> 
     </span>
    </p>
   </div>
   <div class='ocr_carea' id='block_1_15' title="bbox 1834 1457 1918 1496">
    <p class='ocr_par' dir='ltr' id='par_1_34' title="bbox 1834 1457 1918 1496">
     <span class='ocr_line' id='line_1_50' title="bbox 1834 1457 1918 1496; baseline 0 0"><span class='ocrx_word' id='word_1_303' title='bbox 1834 1457 1918 1496; x_wconf 81' lang='lat'><strong>805</strong></span> 
     </span>
    </p>
   </div>
   <div class='ocr_carea' id='block_1_16' title="bbox 1834 1812 1919 1851">
    <p class='ocr_par' dir='ltr' id='par_1_35' title="bbox 1834 1812 1919 1851">
     <span class='ocr_line' id='line_1_51' title="bbox 1834 1812 1919 1851; baseline 0 -1"><span class='ocrx_word' id='word_1_304' title='bbox 1834 1812 1919 1851; x_wconf 92' lang='grc'><strong>810</strong></span> 
     </span>
    </p>
   </div>
   <div class='ocr_carea' id='block_1_17' title="bbox 1832 2166 1916 2206">
    <p class='ocr_par' dir='ltr' id='par_1_36' title="bbox 1832 2166 1916 2206">
     <span class='ocr_line' id='line_1_52' title="bbox 1832 2166 1916 2206; baseline -0.024 -1"><span class='ocrx_word' id='word_1_305' title='bbox 1832 2166 1916 2206; x_wconf 84' lang='grc'><strong>815</strong></span> 
     </span>
    </p>
   </div>
   <div class='ocr_carea' id='block_1_18' title="bbox 1832 2521 1918 2560">
    <p class='ocr_par' dir='ltr' id='par_1_37' title="bbox 1832 2521 1918 2560">
     <span class='ocr_line' id='line_1_53' title="bbox 1832 2521 1918 2560; baseline -0.023 0"><span class='ocrx_word' id='word_1_306' title='bbox 1832 2521 1918 2560; x_wconf 75' lang='grc'><strong>820</strong></span> 
     </span>
    </p>
   </div>
   <div class='ocr_carea' id='block_1_19' title="bbox 1832 2876 1915 2914">
    <p class='ocr_par' dir='ltr' id='par_1_38' title="bbox 1832 2876 1915 2914">
     <span class='ocr_line' id='line_1_54' title="bbox 1832 2876 1915 2914; baseline 0 0"><span class='ocrx_word' id='word_1_307' title='bbox 1832 2876 1915 2914; x_wconf 76' lang='lat'><strong>825</strong></span> 
     </span>
    </p>
   </div>
   <div class='ocr_carea' id='block_1_20' title="bbox 1831 3230 1916 3270">
    <p class='ocr_par' dir='ltr' id='par_1_39' title="bbox 1831 3230 1916 3270">
     <span class='ocr_line' id='line_1_55' title="bbox 1831 3230 1916 3270; baseline -0.024 0"><span class='ocrx_word' id='word_1_308' title='bbox 1831 3230 1916 3270; x_wconf 82' lang='lat'><strong>830</strong></span> 
     </span>
    </p>
   </div>
  </div>
 </body>
</html>
