2158 3906
790 386 988 434 IBIDIS
1019 388 1260 435 520-607.
1783 377 1905 432 213.

32 483 66 565 ξ
246 506 342 559 per
370 484 576 541 facinus
607 507 754 542 soror
783 499 863 543 est
893 490 978 544 cui
1010 509 1106 543 sua
1133 490 1276 544 facta
1343 509 1512 545 arens.

175 558 382 613 ossibus
411 557 572 628 inque
602 559 705 612 tuis
736 561 826 614 teli
854 579 1023 631 genus
1054 561 1267 616 haereat
1298 561 1310 574 ⁶
1334 562 1444 625 lud,
1917 576 2003 617 565

32 625 64 683 3*-
247 628 470 682 traditur
499 629 655 683 Icarii
685 649 791 700 quo
823 632 1074 685 cecidisse
1105 651 1284 703 gener.

34 646 70 762 fi
174 707 338 769 utque
366 699 565 769 loquax
594 701 647 753 in
678 718 815 770 equo
846 711 924 756 est
955 703 1113 756 elisus
1142 712 1326 773 guttur
1356 721 1563 768 acerne,

34 749 71 1084 ’ἲ
248 770 322 824 sic
352 770 447 824 tibi
478 771 756 825 claudatur
784 773 972 843 pollice
1003 774 1146 827 vocis
1176 775 1290 828 iter.

47 1090 74 1299 ξ

34 645 52 670 Μ

174 850 266 896 aut
295 850 355 895 ut
383 840 737 895 Anaxarchus
769 843 877 913 pila
906 844 1158 897 minuaris
1189 845 1244 898 in
1274 846 1398 909 alta,

245 911 455 982 ictaque
485 931 580 983 pro
613 913 776 967 solitis
806 914 1051 986 frugibus
1082 934 1202 969 ossa
1232 926 1435 971 sonent.
1917 931 2003 970 570

171 991 233 1038 ut
273 1002 338 1037 ue
369 992 572 1054 patrem
601 983 942 1050 Psamathes,
975 987 1167 1040 condat
1196 996 1247 1041 te
1278 987 1530 1041 Phoebus
1561 987 1615 1041 in
1644 987 1752 1040 ima

297 1063 471 1108 artara
482 1075 496 1119 3
529 1055 673 1125 quod
702 1065 857 1111 natae
887 1057 1084 1112 fecerat
1113 1058 1201 1111 ille
1232 1078 1375 1112 suae.

171 1123 332 1196 inque
363 1134 482 1180 tuos
513 1145 575 1180 ea
604 1126 766 1197 pestis
797 1137 906 1191 eat,
938 1147 1098 1198 quam
1130 1129 1315 1183 dextra
1345 1127 1577 1183 Coroebi

243 1195 392 1260 vicit,
423 1215 578 1268 opem
608 1198 812 1252 miseris
842 1199 1216 1269 Argolicisque
1247 1200 1381 1253 tulit.

170 1275 336 1337 utque
366 1287 432 1322 ne
474 1286 531 1322 os
562 1268 823 1333 Aethrae,
855 1269 1079 1325 Veneris
1110 1270 1393 1324 moriturus
1425 1271 1494 1324 ob
1523 1270 1674 1332 iram,
1916 1286 2000 1324 575

244 1339 366 1393 exul
397 1358 428 1393 a
495 1339 727 1394 attonitis
759 1341 1039 1394 excutiaris
1071 1341 1236 1409 equis.

169 1418 386 1481 propter
415 1427 541 1481 opes
571 1429 792 1482 magnas
821 1411 1137 1482 ut'perdidit
1167 1411 1359 1482 hospes
1391 1413 1682 1474 alumnum,

242 1480 429 1552 perdat
458 1481 527 1534 ob
557 1481 776 1552 exiguas
808 1491 859 1535 te
890 1491 1013 1535 tuus
1043 1482 1235 1552 hospes
1265 1502 1409 1553 opes.

116 1553 130 1566 “
168 1560 332 1636 utque
363 1551 539 1606 serunt
570 1570 751 1606 caesos
782 1571 875 1606 sex
907 1571 1028 1607 cum
1058 1552 1512 1608 Damasichthone
1542 1553 1747 1616 fratres,

240 1630 470 1677 intereat·
490 1630 667 1676 tecum
697 1622 772 1677 sic
800 1642 971 1694 genus
1002 1642 1159 1678 omne
1189 1634 1355 1677 tuum.
1914 1642 2000 1680 580

169 1692 372 1748 addidit
400 1701 461 1746 ut
489 1692 681 1748 fidicen
710 1693 912 1748 miseris
945 1714 1041 1748 sua
1070 1694 1260 1749 funera
1288 1695 1443 1758 natis,

240 1764 315 1818 sic
345 1764 442 1818 tibi
471 1764 576 1819 sint
604 1764 744 1819 vitae
774 1765 950 1820 taedia
979 1766 1118 1820 iusta
1147 1775 1285 1821 tuae.

52 1872 72 1906 ξ,
167 1843 292 1890 utve
323 1853 470 1889 soror
499 1834 715 1907 Pelopis
745 1855 874 1889 saxo
905 1836 1109 1891 dureris
1139 1838 1343 1902 obort0,

45 1907 69 1979 ,qi
240 1915 293 1961 et
321 1906 495 1960 laesus
526 1906 710 1990 lingua
739 1908 931 1961 Battus
963 1908 1031 1961 ab
1061 1909 1174 1979 ipse
1206 1928 1318 1962 sua.

52 1984 61 2011 ⁵
167 1982 291 2033 ae’ra
320 1978 364 2031 si
391 1977 553 2031 misso
583 1978 843 2047 liquidum
871 1978 1170 2033 iaculabere
1201 1980 1364 2042 discO,
1912 1996 1996 2037 585

48 2036 66 2114 ἶ
239 2067 345 2118 quo
375 2067 509 2119 puer
539 2046 828 2103 Oebalides
857 2049 993 2103 ictus
1024 2051 1092 2104 ab
1124 2051 1250 2104 orbe
1281 2051 1455 2105 cadas.

42 2151 69 2174 ÷‚v
167 2119 211 2173 si
242 2137 348 2189 qua
377 2138 473 2190 per
502 2120 729 2174 alternos
760 2120 1040 2175 iactabitur
1068 2121 1213 2174 unda
1242 2120 1483 2186 lacertos,

70 2191 71 2194 ’
189 2237 192 2241 .
237 2191 406 2244 omnis
436 2190 706 2261 Abydena
736 2191 802 2245 sit
832 2191 927 2244 tibi
957 2192 1104 2262 peior
1135 2210 1288 2261 aqua.

165 2262 398 2317 comicus
428 2270 488 2315 ut
516 2262 702 2316 mediis
732 2262 908 2333 periit,
941 2264 1069 2316 dum
1098 2265 1284 2326 nabat,
1315 2263 1369 2316 in
1399 2264 1572 2328 undis,

55 2326 69 2351 '³
237 2341 288 2387 et
317 2341 411 2387 tua
441 2332 516 2387 sic
547 2332 768 2405 Stygius
799 2335 1092 2405 strangulet
1122 2354 1214 2388 ora
1242 2335 1430 2404 liquor.
1910 2354 1996 2393 590

63 2463 65 2465 ,
165 2413 257 2458 aut
285 2404 378 2458 ubi
408 2412 684 2459 ventosum
715 2406 978 2476 superaris
1009 2405 1300 2476 naufragus
1332 2424 1547 2475 aequor,

40 2487 86 2543 4
237 2483 477 2529 contacta
504 2494 714 2546 pereas,
744 2486 804 2529 ut
830 2476 1140 2540 Palinurus,
1172 2478 1351 2530 humo·

164 2556 328 2615 utque
359 2555 691 2600 coturnatum
721 2556 895 2601 vatem
927 2548 1091 2602 tutela
1121 2548 1348 2611 Dianae,

56 2659 63 2682 ,
237 2617 486 2672 dilaceret
514 2617 736 2689 vigilum
766 2628 818 2672 te
848 2637 1058 2689 quoque
1089 2620 1247 2673 turba
1277 2638 1484 2673 canum.

87 2727 90 2729 -
165 2698 255 2742 aut
285 2696 345 2741 ut
373 2687 678 2742 Trinacrius
708 2690 864 2754 salias
895 2709 1055 2761 super
1084 2709 1175 2744 ora
1207 2689 1474 2761 GigantiS,
1908 2709 1992 2748 595

235 2758 462 2829 plurima
491 2777 597 2828 qua
625 2760 864 2814 flammas
896 2760 1103 2815 Sicanis
1132 2763 1314 2815 Aetna
1343 2762 1523 2815 vomit.

55 2831 82 2841 “
165 2829 517 2900 diripiantque
547 2838 666 2883 tuos
694 2830 893 2884 insanis
922 2832 1192 2902 unguibus
1224 2842 1367 2885 artus

239 2899 572 2971 Strymoniae
602 2909 819 2965 matres,
851 2899 1099 2972 Orpheos
1131 2921 1245 2956 esse
1275 2914 1437 2956 ratae.

164 2981 320 3026 natus
351 2980 410 3024 ut
439 2971 701 3025 Althaeae
731 2972 956 3026 flammis
986 2973 1293 3026 absentibus
1324 2974 1466 3034 arsit,

237 3042 312 3096 sic
342 3052 465 3095 tuus
496 3042 736 3096 ardescat
765 3042 955 3113 stipitis
985 3043 1109 3114 igne
1138 3062 1316 3114 rogus.
1909 3062 1996 3102 600

166 3122 227 3167 ut
253 3131 393 3167 nova
422 3112 686 3167 Phasiaca
716 3131 1025 3184 comprensa
1055 3123 1135 3168 est
1163 3123 1330 3185 nupta
1361 3132 1570 3177 corona,

235 3194 400 3254 utque
430 3193 579 3255 pater
607 3193 830 3255 nuptae,
861 3202 1087 3253 cumque
1117 3194 1335 3256 parente
1367 3185 1579 3249 domus3

166 3264 226 3309 ut
254 3273 407 3310 cruor
435 3256 730 3310 Herculeos
761 3256 890 3309 abiit
920 3255 1144 3309 diffusus
1174 3256 1229 3309 in
1261 3266 1431 3309 artus:

238 3345 458 3398 corpora
485 3327 794 3397 pestiferum
826 3327 900 3381 sic
930 3336 1022 3380 tua
1050 3327 1195 3380 virus
1227 3327 1365 3381 edat.

167 3415 275 3467 qua
304 3416 400 3451 sua
427 3397 727 3451 Penthiden
756 3399 928 3470 proles
960 3408 1039 3452 est
1067 3399 1179 3451 ulta
1209 3398 1538 3469 Lycurgum,
1911 3416 1993 3455 605

60 3519 61 3522 ,
238 3467 368 3522 haec
397 3477 609 3522 maneat
637 3469 727 3524 teli
757 3479 809 3523 te
838 3487 1048 3539 quoque
1078 3470 1239 3540 plaga
1267 3470 1407 3522 novi.

97 3595 100 3598 ,
166 3547 330 3608 utque
361 3538 496 3592 Milo
526 3539 686 3594 robur
717 3539 963 3595 diducere
993 3541 1151 3594 fissile
1182 3549 1406 3611 temptes
