2158 3906
472 376 564 422 EX
592 375 808 423 PONTO
839 375 961 420 LIB.
992 374 1031 420 1.
1064 373 1197 432 VIII,
1226 373 1428 430 43—IX‚
1459 372 1528 418 54.

59 478 77 547 {T
152 480 297 537 nulla
323 486 502 532 tamen
534 477 762 530 subeunt
791 477 919 530 mihi
950 485 1190 546 tempora
1218 475 1432 529 densius
1462 473 1581 537 illis,

76 582 84 617 ‘4

222 567 359 619 quae
390 548 581 603 vellem
611 548 751 602 vitae
781 567 988 601 summa
1018 547 1180 600 fuisse
1210 565 1375 607 meae,

58 635 78 672 ³·
154 640 275 678 cum
305 619 493 672 domus
523 619 726 688 ingenti
757 619 930 671 subito
961 637 1080 670 mea
1108 618 1257 687 lapsa
1286 617 1438 670 ruina

48 675 82 711 ε’.

224 689 453 746 concidit
481 689 536 742 in
567 689 765 742 domini
794 688 1180 759 procubuitque
1214 697 1388 758 caput.

47 763 82 844 ³33:
149 757 324 819 adfuit
350 760 439 814 ille
469 759 622 823 mihi,
655 778 777 813 cum
806 779 891 813 me
922 778 1043 829 pars
1075 778 1270 829 magna
1299 758 1523 827 reliquit,

224 831 488 895 Maxime,
518 831 762 884 fortunae
793 849 891 883 nec
921 830 1021 882 fuit
1050 830 1163 899 ipse
1195 848 1386 883 comes,

153 904 302 959 illum
331 920 432 973 ego
462 919 569 955 non
599 902 749 956 aliter
777 902 991 954 flentem
1021 919 1140 953 mea
1169 900 1356 953 funera
1386 899 1509 962 vidi,

225 973 499 1045 ponendus
530 990 692 1042 quam
723 972 766 1026 si
796 972 957 1026 frater
986 972 1039 1024 in
1070 971 1193 1041 igne
1224 971 1376 1024 foret.

58 1039 80 1091 ἦ·
154 1044 323 1100 haesit
351 1044 408 1098 in
438 1044 686 1127 amplexu
717 1034 1122 1111 consolatusque
1152 1042 1411 1095 iacentem
1442 1050 1538 1103 est,

225 1133 452 1184 cumque
482 1134 612 1168 meis
642 1114 869 1167 lacrimis
900 1113 1111 1166 miscuit
1139 1131 1307 1181 usque
1339 1131 1477 1164 suas.

152 1205 188 1242 0
217 1186 460 1257 quotiens
491 1186 630 1240 vitae
662 1195 838 1239 custos
869 1185 1069 1237 invisus
1100 1202 1311 1236 amarae

226 1257 484 1312 continuit
550 1266 782 1326 romptas
813 1257 865 1308 in
897 1274 1017 1308 mea
1045 1254 1156 1307 sata
1186 1252 1395 1306 manusl

77 1341 80 1347 ’
152 1346 188 1384 o
217 1328 459 1412 quotiens
527 1328 622 1380 ixit
653 1327 948 1397 ‘placabilis
978 1325 1056 1378 ira
1087 1324 1305 1377 deorum
1337 1334 1439 1377 est:

227 1418 370 1463 vive,
401 1417 501 1453 nec
530 1398 733 1469 ignosci
762 1407 819 1450 tu
851 1396 946 1449 tibi
976 1414 1130 1478 posse
1161 1394 1348 1465 nega!’

153 1488 260 1527 vox
290 1479 468 1524 tamen
497 1469 587 1522 illa
616 1468 717 1521 fuit
746 1468 1109 1521 celeberrlma:
1143 1465 1393 1534 ‘respice‚
1426 1476 1685 1533 quantum

227 1541 419 1595 debeat
449 1539 706 1593 auxilium
735 1538 1006 1591 Maximus
1039 1555 1153 1589 esse
1185 1536 1296 1588 tibi.

153 1611 428 1668 Maximus
457 1610 748 1672 incumbet,
784 1626 997 1677 quaque
1028 1617 1106 1660 est
1123 1606 1355 1690 pictate,
1388 1604 1614 1675 rogabit,

225 1701 293 1737 ne
323 1682 390 1736 sit
419 1682 488 1735 ad
517 1690 813 1735 extremum
845 1677 1089 1733 Caesaris
1121 1697 1199 1731 ira
1228 1688 1403 1730 tenax·

68 1781 78 1811 i
155 1771 384 1824 cumque
414 1751 523 1806 suis
553 1751 729 1805 fratris
760 1750 898 1805 vires
930 1748 1201 1803 adhibebit
1231 1759 1281 1802 et
1314 1765 1541 1808 omnem,

228 1842 333 1894 quo
362 1823 531 1878 levius
562 1823 762 1886 doleas,
795 1821 1094 1892 experietur
1124 1819 1313 1891 opem.’

42 1888 58 1928 ⁵³¹
78 1919 87 1969 j
157 1894 289 1952 haec
317 1894 447 1948 mihi
477 1894 640 1948 verba
669 1894 839 1947 malae
871 1892 1174 1945 minuerunt
1204 1890 1379 1943 taedia
1409 1889 1564 1942 vitae.

229 1985 365 2036 quae
395 1975 478 2029 tu,
508 1983 575 2018 ne
605 1965 823 2027 fuerint,
854 1963 1117 2024 Maxime,
1149 1980 1310 2023 vana,
1342 1958 1494 2013 cavel

80 2054 86 2060 ⁴
156 2037 262 2094 huc
292 2054 505 2107 quoque
534 2045 817 2090 venturum
846 2034 973 2086 mihi
1006 2053 1061 2086 se
1092 2034 1265 2086 iurare
1296 2031 1499 2084 solebat

228 2127 336 2162 non
365 2107 466 2161 nisi
495 2116 547 2161 te
576 2108 766 2177 longae
796 2106 879 2158 ius
911 2105 1010 2158 sibi
1042 2104 1199 2157 dante
1231 2100 1365 2155 viae.

53 2164 82 2250 (ζ
157 2189 405 2236 nam‹t.ua
432 2197 537 2232 non
569 2178 671 2231 alio
702 2177 863 2231 coluit
892 2175 1181 2246 penetralia
1211 2174 1330 2235 ritu,

228 2261 488 2304 terrarum
519 2248 757 2302 dominos
787 2266 949 2316 quam
980 2246 1106 2299 colis
1135 2246 1248 2315 ipse
1279 2245 1422 2297 deos.

158 2322 315 2377 crede
345 2321 498 2384 mihi,
528 2320 721 2373 multos
752 2319 949 2371 habeas
981 2336 1102 2370 cum
1133 2316 1326 2386 dignus
1357 2314 1570 2376 amicOS,

230 2411 338 2447 non
367 2392 469 2446 fuit
499 2410 528 2445 e
557 2390 734 2443 multis
765 2389 1002 2458 quolibet
1032 2388 1118 2440 ille
1148 2388 1335 2449 minor,

159 2463 208 2520 si
234 2463 391 2517 modo
421 2481 527 2516 non
557 2480 745 2515 census
776 2479 874 2514 nec
905 2461 1105 2512 clarum
1134 2477 1327 2511 nomen
1358 2474 1595 2518 avorum,

232 2535 325 2589 sed
355 2534 589 2604 probitas
619 2551 840 2602 magnos
874 2531 1251 2601 ingeniumque
1282 2528 1424 2581 facit.

160 2604 274 2660 iure
303 2605 466 2676 igitur
493 2604 735 2657 lacrimas
767 2601 926 2656 Celso
955 2602 1182 2654 libamus
1213 2599 1475 2668 adempte,

233 2695 356 2730 cum
385 2676 650 2745 fugerem,
682 2675 804 2727 vivo
835 2692 966 2742 quas
998 2672 1143 2726 dedit
1172 2672 1260 2725 ille
1290 2670 1441 2723 mihi:

160 2746 397 2802 carmina.
425 2746 540 2799 iure
569 2746 756 2797 damus
787 2762 931 2796 raros
962 2743 1208 2797 testantia
1237 2760 1427 2803 moreS,

234 2826 294 2870 ut
323 2826 416 2870 tua
442 2815 653 2869 venturi
681 2815 918 2876 nomina,
952 2812 1133 2876 Celse,
1163 2814 1359 2882 legant.

162 2888 265 2943 hoc
294 2897 397 2951 est,
427 2886 572 2956 quod
602 2886 796 2956 possim
829 2883 1031 2939 Geticis
1061 2883 1157 2936 tibi
1186 2883 1392 2936 mittere
1423 2882 1491 2933 ab
1522 2881 1683 2945 arvis3

236 2959 338 3012 hoc
368 2958 540 3011 solum
571 2965 672 3019 est,
703 2956 820 3008 istic
849 2955 992 3024 quod
1021 2955 1145 3007 licet
1174 2972 1312 3016 esse,
1345 2971 1539 3005 meum.

162 3030 354 3085 funera
381 3047 489 3082 non
518 3027 669 3099 potui
699 3027 949 3080 comitare
978 3044 1077 3079 nec
1107 3043 1307 3095 ungere
1340 3042 1548 3093 corpus,

237 3118 373 3170 aque
403 3099 507 3153 tuis
537 3108 647 3152 toto
678 3098 883 3150 dividor
912 3097 1039 3150 orbe
1070 3096 1228 3166 rogis.

163 3172 258 3242 qui
287 3170 481 3242 potuit,
512 3188 671 3239 quem
700 3178 760 3222 tu
789 3187 884 3239 pro
914 3168 1129 3221 numine
1160 3166 1312 3218 vivus
1343 3165 1595 3227 habebaS,

238 3241 498 3313 praestitit
526 3241 761 3294 officium
792 3240 1063 3292 Maximus
1094 3257 1249 3291 omne
1280 3237 1390 3289 tibi.

166 3311 254 3367 ille
283 3313 380 3366 tibi
409 3313 658 3382 exequias
690 3321 742 3364 et
770 3311 952 3381 magni
982 3310 1142 3362 funus
1173 3308 1383 3360 honoris

239 3383 363 3438 fecit
394 3393 446 3437 et
474 3383 528 3435 in
558 3382 760 3453 gelidos
792 3382 953 3435 versit
984 3399 1192 3433 amoma
1223 3380 1384 3440 sinuS,

167 3453 323 3507 diluit
352 3463 403 3507 et
432 3453 660 3507 lacrimis
690 3472 929 3507 maerens
959 3460 1232 3522 unguenta
1261 3449 1492 3521 profusis

242 3542 466 3594 ossaque
496 3524 670 3578 vicina
699 3524 911 3578 condita
941 3523 1071 3578 texit
1101 3522 1279 3575 humo,

1756 358 1859 412 231

1896 770 1949 810 15

1898 1125 1955 1165 20

1899 1479 1954 1518 25

1901 1833 1957 1873 30

1899 2188 1953 2227 35

1902 2544 1958 2583 40

1901 2898 1958 2937 45

1907 3253 1965 3293 50
