2158 3906
491 403 580 448 EX
609 402 824 450 PONTO
854 403 977 449 LIB.
1007 403 1095 448 III.
1127 402 1215 456 ΙΙΙ.
1245 403 1444 461 25—1V,
1473 403 1516 449 2.
1758 389 1864 445 259

149 505 224 561 nil
253 504 354 559 nisi
385 522 694 559 concessum
722 523 819 559 nos
851 514 902 559 te
934 505 1177 559 didicisse
1207 504 1478 575 magistro,

221 575 445 629 Artibus
477 585 528 629 et
557 576 762 629 nullum
793 576 990 629 crimen
1020 576 1190 630 inesse
1221 576 1342 629 tuis.
1896 592 1952 632 70

150 655 315 716 utque
346 645 472 710 hoc,
503 646 578 700 sic
608 646 811 700 utinam
842 647 1125 701 defendere
1156 656 1331 702 cetera
1361 644 1568 717 posses!

222 717 323 771 scis
354 717 520 780 aliud,
553 717 697 786 quod
726 727 778 771 te
807 717 1040 780 laeserit,
1073 737 1212 781 esse,
1243 718 1431 788 magis.

77 823 79 830 ι
151 788 404 859 quicquid
433 787 489 840 id
519 798 616 851 est,
638 818 710 826 —
730 806 904 856 neque
936 789 1077 842 enim
1107 788 1264 843 debet
1294 789 1444 843 dolor
1472 788 1559 843 ille
1589 786 1775 844 referri
1806 817 1880 826 —

222 877 329 913 non
359 868 509 930 potes
541 877 573 911 a
603 859 760 929 culpa
790 858 963 912 dicere
994 859 1179 913 abesse
1209 869 1318 914 tua.

150 940 209 985 tu
237 929 359 984 licet
389 929 579 984 erroris
610 930 710 983 sub
739 930 970 1013 imagine
1002 931 1198 984 crimen
1228 931 1530 995 obumbres,
1894 945 1952 985 75

221 1018 328 1055 non
358 1000 571 1072 gravior
599 999 785 1055 merito
816 1001 1038 1054 vindicis
1068 1001 1146 1055 ira
1175 1001 1292 1055 fuit.

151 1080 210 1127 ut
240 1081 418 1126 tamen
447 1070 737 1143 aspicerem
768 1072 1170 1141 consolarerque
1200 1072 1475 1135 iacentem,

221 1143 372 1214 lapsa
399 1161 495 1213 per
523 1142 788 1196 inmensas
820 1152 899 1197 est
927 1163 1047 1197 mea
1076 1143 1239 1214 pinna
1268 1144 1398 1197 vias.

14 1238 15 1245 ¹
85 1258 88 1263 .
150 1213 282 1269 haec
311 1214 428 1268 loca
457 1222 570 1267 tum
600 1214 830 1284 primum
860 1215 992 1277 vidi,
1024 1232 1145 1268 cum
1176 1223 1342 1268 matre
1372 1223 1592 1285 rogante

221 1283 446 1339 Phasias
478 1293 558 1339 est
587 1285 704 1339 telis
734 1286 841 1339 fixa
869 1285 1047 1356 puella
1075 1286 1222 1339 meis.
1898 1301 1957 1341 80

80 1395 81 1399 ,
150 1373 288 1427 quae
319 1373 460 1411 nunc
491 1373 584 1410 cur
612 1355 802 1410 iterum
831 1365 953 1439 post
983 1355 1194 1409 saecula
1222 1357 1383 1427 longa
1411 1355 1656 1418 revisam,

222 1436 280 1481 tu
310 1426 467 1491 facis,
497 1445 529 1480 o
560 1427 743 1480 castris
773 1427 924 1480 m1les
954 1427 1123 1480 amice
1153 1427 1302 1480 meis.

86 1519 89 1522 ⁴
150 1516 288 1570 pone
318 1507 490 1552 metus
521 1497 705 1568 igitur:
735 1498 976 1551 mitescet
1008 1495 1252 1551 Caesaris
1283 1497 1379 1561 ira,

86 1635 87 1638 Ἴ
224 1578 275 1624 et
306 1568 479 1623 veniet
510 1568 645 1622 votis
675 1568 882 1621 mollior
911 1568 1041 1621 hora
1071 1568 1191 1621 tuis.

148 1659 285 1695 neve
315 1658 518 1693 moram
549 1639 757 1693 timeas:
790 1648 1022 1709 tempus,
1054 1638 1198 1708 quod
1229 1638 1557 1708 quaerimus,
1588 1638 1765 1702 instat,
1896 1656 1953 1696 85

222 1719 518 1780 cunctaque
547 1709 777 1764 laetitiae
807 1710 966 1781 plena
995 1709 1153 1763 trium
1194 1709 1294 1763 hus
1325 1709 1502 1764 habet.

152 1781 279 1836 dum
309 1782 497 1835 domus
527 1790 580 1836 et
608 1780 742 1845 nati,
773 1781 901 1834 dum
932 1791 1101 1835 mater
1183 1780 1290 1835 ivia
1318 1782 1536 1852 gaudet,

222 1853 351 1906 dum
380 1851 606 1936 gaudes,
637 1852 839 1923 patriae
870 1871 1063 1924 magne
1095 1852 1351 1922 ducisque
1380 1864 1549 1924 pater,

152 1925 278 1979 dum
311 1923 411 1977 sib1
439 1927 679 1994 gratatur
707 1925 964 1994 populus,
994 1933 1263 1993 totamque
1293 1942 1389 1994 per
1418 1923 1607 1978 urbem

86 2002 89 2003 ’
222 1995 391 2049 omnis
423 1994 650 2048 odoratis
680 1994 894 2065 ignibus
924 2013 1017 2049 ara
1046 1995 1197 2056 calet,
1899 2011 1956 2051 90

152 2067 278 2121 dum
309 2065 491 2119 faciles
521 2065 693 2119 aditus
723 2065 943 2136 praebet
971 2065 1271 2120 venerabile
1301 2065 1583 2136 templum:

224 2136 544 2208 sperandum
574 2146 676 2199 est,
706 2146 913 2190 nostras
943 2154 1098 2207 posse
1129 2136 1304 2190 valere
1333 2136 1551 2207 preces.’

152 2209 304 2262 dixit:
338 2217 389 2262 et
419 2216 511 2261 aut
539 2207 626 2261 ille
657 2216 737 2262 est
765 2216 949 2262 tenues
979 2208 1215 2278 dilapsus
1243 2207 1301 2262 in
1331 2226 1503 2272 auras,

223 2287 508 2350 coeperunt
539 2297 723 2332 sensus
755 2288 846 2332 aut
876 2279 1094 2350 vigilare
1124 2278 1244 2332 mei.
1501 2315 1510 2322 -

86 2363 87 2367 ’
152 2351 196 2405 si
227 2350 487 2413 dubitem,
517 2348 698 2404 faveas
730 2351 859 2419 quin
888 2350 993 2414 his,
1025 2369 1057 2403 o
1086 2350 1350 2413 Maxime,
1383 2349 1552 2412 dictis,
1894 2366 1951 2406 95

121 2468 124 2472 .
222 2421 534 2476 Memnonio
565 2439 759 2491 cycnos
790 2440 905 2475 esse
935 2422 1110 2475 colore
1140 2431 1340 2491 putem.

85 2490 88 2494 ’
153 2493 246 2548 sed
275 2511 449 2563 neque
478 2500 713 2545 mutatur
740 2492 893 2562 nigra
920 2492 1038 2563 pice
1068 2493 1269 2546 lacteus
1299 2509 1468 2554 umor,

24 2627 26 2634 Ι
222 2582 344 2627 nec,
374 2563 518 2632 quod
547 2572 660 2616 erat
690 2564 945 2627 candens,
975 2564 1035 2616 fit
1064 2562 1415 2625 terebinthuS‚
1447 2563 1595 2629 ebur,

52 2667 82 2690 .,·
153 2635 471 2689 conveniens
502 2635 676 2688 animo
706 2653 876 2705 genus
908 2644 988 2689 est
1016 2634 1135 2688 tibi:
1167 2634 1344 2687 nobile
1373 2651 1604 2703 namque

26 2701 28 2714 *
43 2733 85 2798 ἑ
224 2716 407 2777 pectus
438 2714 490 2759 et
518 2706 817 2760 Herculeae
848 2705 1196 2776 simplicitatis
1225 2704 1407 2759 habes.
1898 2721 1981 2761 100

152 2777 310 2839 livor,
340 2777 479 2830 iners
509 2776 722 2840 vitium,
754 2795 926 2830 mores
956 2795 1064 2830 non
1095 2777 1202 2831 exit
1230 2776 1287 2829 in
1316 2776 1468 2839 altos,

48 2810 97 2957 ξ
224 2857 389 2916 utque
418 2847 585 2900 latens
614 2846 724 2900 ima
749 2847 932 2917 vipera
961 2847 1122 2918 serpit
1152 2847 1332 2930 humo.

51 2926 82 2982 ’ᾗ
153 2937 302 2973 mens
333 2927 426 2971 tua
455 2917 693 2970 sublimis
725 2937 885 2988 supra
913 2937 1084 2988 genus
1114 2927 1308 2971 eminet
1336 2917 1530 2987 ipsum,

51 2987 83 3050 Q
225 2988 479 3060 grandius
508 2988 721 3058 ingenio
752 3007 850 3042 nec
880 2989 976 3042 tibi
1005 3007 1199 3042 nomen
1227 2989 1381 3041 inest.

56 3040 84 3132 ἦ
157 3079 282 3131 ergo
314 3059 402 3113 alii
429 3069 655 3113 noceant
685 3060 886 3113 miseris
917 3069 1204 3130 optentque
1234 3058 1422 3120 timeri,
1840 3083 1843 3085 >
1900 3075 1981 3115 105

63 3136 88 3186 ἒξ
226 3131 507 3200 tinctaque.
522 3131 758 3184 mordaci
787 3131 989 3202 spicula
1017 3131 1140 3185 felle
1170 3139 1381 3200 gerant:
1952 3140 1955 3141 ’

54 3197 85 3263 3}
157 3211 210 3256 at
240 3213 332 3256 tua
363 3202 686 3272 supplicibus
717 3202 905 3256 domus
935 3211 1015 3256 est
1044 3202 1264 3255 adsueta
1291 3199 1554 3264 iuvandis,

32 3267 89 3358 ἰ
225 3273 282 3327 in
310 3291 537 3343 quorum
565 3292 785 3327 numero
816 3293 923 3338 me,
954 3292 1165 3344 precor,
1197 3291 1312 3327 esse
1343 3272 1491 3326 velis.

62 3361 94 3454 ‘J
960 3387 1060 3443 1v.

59 3397 96 3604 ἶ
158 3484 312 3539 Haec
340 3485 437 3538 tibi
464 3503 572 3540 non
599 3505 791 3541 vanam
820 3487 1083 3558 portantia
1111 3486 1275 3541 verba
1305 3485 1529 3541 salutem
1680 3483 1725 3531 R
1742 3484 1789 3530 U
1789 3483 1834 3528 F
1833 3485 1865 3530 I
1869 3484 1923 3528 N
1927 3485 1982 3528 0.

230 3555 376 3610 Naso
406 3555 688 3611 Tomitana
715 3558 876 3612 mittit
905 3559 973 3612 ab
1002 3558 1136 3613 urbe
1165 3567 1307 3621 tuus,

1499 3639 1584 3683 17*
