2158 3906
484 353 797 400 'rmsrmM
825 354 950 400 Lm.
978 353 1063 401 1v.
1094 354 1227 412 vm,
1258 354 1437 412 35-x,
1468 354 1542 399 34.
1771 343 1874 398 179

160 473 259 512 nec
288 463 381 510 tua
409 463 461 509 te
492 464 697 508 sontem
726 456 1088 510 tantummodo
1119 456 1330 511 saecula
1358 455 1557 509 norint:
1904 472 1958 512 25

232 534 546 599 perpetuum
577 526 775 581 crimen
805 527 1124 597 posteritatis
1155 527 1273 581 eris.

161 598 266 652 iam
294 597 435 651 feror
462 597 517 650 in
547 615 778 667 pugnae,
810 607 863 651 et
892 598 1128 651 nondum
1158 616 1356 652 cornua
1385 596 1610 669 sumpsi!

232 685 330 723 nec
358 667 488 721 mihi
518 668 763 721 sumendi
792 685 953 722 causa
983 670 1049 722 sit
1078 670 1209 733 ulla,
1241 669 1415 723 velim.

163 736 351 794 Circus
382 738 556 792 adhuc
587 747 781 793 cessat:
814 740 1014 810 spargit
1043 749 1218 794 tamen
1249 758 1370 794 acer
1401 740 1653 795 harenam

232 819 414 872 taurus
444 819 496 863 et
524 809 716 863 infesto
745 809 853 862 iam
880 811 1017 893 pede
1048 812 1224 881 pulsat
1253 811 1491 864 humum.
1903 827 1962 869 ao

161 880 262 935 hoc
292 898 529 964 quoque,
561 898 722 950 quam
752 880 920 944 volui,
950 882 1070 964 plus
1101 892 1203 935 est:
1236 901 1382 946 cane,
1414 883 1595 947 Musa,
1625 890 1886 954 receptus,

233 951 360 1006 dum
389 951 511 1006 hcet
539 950 664 1006 huic
693 969 887 1007 nomen
917 952 1247 1008 d1ssimulare
1280 972 1453 1007 suum.

975 1065 1054 1118 X.

159 1165 257 1220 Ille
287 1183 387 1236 ego
417 1165 510 1235 qui
540 1164 757 1229 fuerim,
788 1174 1088 1220 tenerorum
1117 1166 1262 1218 lusor
1292 1184 1550 1229 amorum,

268 1255 392 1290 uem
420 1236 579 1307 legis,
608 1245 670 1290 ut
698 1236 864 1300 noris,
896 1236 1076 1318 accipe
1105 1235 1398 1305 posteritas,

162 1306 239 1362 Su
262 1325 348 1360 mo
379 1306 508 1360 mihi
537 1307 708 1378 patria
736 1315 839 1370 est,
869 1307 1057 1376 gelidis
1087 1305 1385 1359 uberrimus
1416 1306 1590 1370 undis,

231 1377 375 1431 milia
405 1377 498 1447 qui
526 1377 708 1432 novies
739 1377 898 1430 distat
927 1377 994 1429 ab
1025 1376 1156 1430 urbe
1188 1376 1388 1430 decem.

161 1448 332 1503 editus
363 1447 485 1502 hinc
515 1466 615 1519 ego
646 1467 787 1511 sum3
818 1466 916 1501 nec
944 1465 1052 1500 non
1080 1456 1140 1500 ut
1170 1456 1408 1517 tempora
1436 1447 1603 1500 noris:
1903 1463 1931 1504 5

233 1538 353 1574 cum
384 1518 573 1574 cecidit
602 1518 712 1572 fato
743 1518 926 1572 consul
955 1527 1177 1587 uterque
1207 1517 1337 1588 pari.

160 1590 205 1644 si
235 1590 363 1660 quid
392 1589 448 1643 id
477 1597 579 1652 est,
609 1606 777 1659 usque
807 1608 840 1643 a
869 1588 1079 1660 proavis
1110 1598 1261 1642 vetus
1293 1588 1491 1642 ordinis
1521 1588 1693 1653 heres,

230 1679 335 1714 non
365 1680 485 1715 sum
511 1660 755 1715 fortunae
783 1679 1002 1715 munere
1033 1660 1206 1713 factus
1238 1678 1417 1729 eques·

159 1751 257 1787 nec
289 1732 444 1803 stirps
473 1730 646 1803 prima
674 1731 768 1785 fui.
843 1732 1022 1803 genito
1051 1750 1170 1785 sum
1202 1730 1364 1785 fratre
1395 1741 1621 1796 creatus,

230 1803 323 1873 qui
351 1802 518 1856 tribus
549 1811 670 1858 ante
700 1811 887 1872 quater
915 1802 1187 1857 mensibus
1218 1812 1364 1856 ortus
1395 1812 1525 1857 erat.
1906 1821 1960 1860 ιο

159 1873 380 1928 Lucifer
410 1873 686 1927 amborum
714 1874 979 1927 natalibus
1011 1874 1180 1927 adfuit
1212 1873 1378 1927 idem:

230 1964 339 1999 una
369 1945 632 1999 celebrata
661 1953 739 1998 est
768 1963 863 2015 per
893 1945 998 1998 duo
1028 1945 1137 1998 liba
1168 1945 1295 1999 dies.

160 2015 290 2070 haec
322 2025 398 2070 est
429 2015 706 2070 armiferae
736 2015 885 2070 festis
916 2015 981 2070 de
1012 2015 1246 2085 quinque
1276 2016 1573 2081 Minervae,

232 2106 368 2157 quae
398 2086 511 2141 fieri
540 2105 722 2158 pugna
750 2087 920 2157 prima
950 2097 1166 2141 cruenta
1196 2087 1343 2140 solet.

159 2158 396 2229 protinus
428 2157 717 2212 excolimur
746 2158 935 2221 teneri,
966 2176 1199 2227 curaque
1232 2157 1464 2228 parentis
1903 2175 1957 2215 15

230 2229 367 2283 imus
398 2229 466 2283 ad
495 2228 728 2312 insignes
757 2229 903 2282 urbis
935 2229 1002 2282 ab
1034 2239 1145 2282 arte
1176 2228 1331 2282 viros.

159 2299 322 2354 frater
352 2299 420 2353 ad
450 2300 717 2368 eloquium
748 2300 902 2353 viridi
932 2300 1182 2354 tendebat
1212 2300 1280 2352 ab
1311 2318 1460 2362 aeVO,

230 2371 387 2424 fortia
417 2370 625 2425 verbosi
654 2380 810 2424 natus
841 2370 909 2424 ad
940 2390 1086 2424 arma
1115 2370 1231 2424 fori.

160 2445 214 2496 at
243 2442 370 2496 mihi
399 2442 504 2496 iam
534 2460 698 2512 parvo
730 2442 976 2496 caelestia
1005 2461 1153 2495 sacra
1182 2442 1478 2512 placebant,

229 2513 388 2582 inque
419 2532 572 2567 suum
603 2513 784 2566 furtim
814 2514 978 2567 Musa
1007 2512 1248 2566 trahebat
1278 2531 1429 2584 opus.
1902 2531 1960 2571 20

160 2603 316 2655 saepe
346 2594 494 2655 pater
524 2584 656 2638 dixit
685 2585 943 2638 ‘studium
973 2584 1102 2653 quid
1132 2584 1314 2638 inutile
1345 2584 1607 2655 temptas?

230 2655 543 2709 Maeonides
572 2655 743 2709 nullas
772 2655 886 2726 ipse
915 2655 1126 2725 reliquit
1155 2655 1316 2726 opes!

159 2736 333 2780 motus
364 2745 508 2780 eram
538 2725 690 2780 dictis
719 2736 935 2795 totoque
966 2727 1224 2781 Helicone
1254 2726 1436 2780 relicto

232 2797 459 2851 scribere
490 2797 720 2850 conabar
749 2797 913 2850 verba
942 2799 1114 2851 soluta
1142 2797 1338 2850 modis:

161 2878 344 2939 sponte
376 2887 472 2921 sua
502 2885 714 2922 carmen
742 2886 989 2921 numeros
1019 2868 1264 2922 veniebat
1292 2868 1361 2920 ad
1391 2877 1541 2938 aptos
1551 2887 1568 2932 3
1903 2886 1957 2925 25

231 2938 482 3008 quicquid
511 2938 836 3009 temptabam
866 2938 1062 3002 dicere,
1093 2957 1277 2992 versus
1307 2948 1435 2992 erat.

159 3009 358 3064 interea
387 3009 545 3063 tacito
574 3028 736 3080 passu
765 3009 1064 3063 labentibus
1095 3008 1246 3062 annis

132 3131 139 3136 .
230 3081 442 3135 liberior
471 3079 620 3134 fratri
650 3090 862 3151 sumpta
892 3080 1127 3150 mihique
1157 3090 1284 3150 toga
1314 3090 1419 3143 est3

161 3150 500 3221 induiturque
529 3152 725 3206 umeris
756 3170 878 3206 cum
907 3153 1013 3206 lato
1044 3170 1279 3223 purpura
1309 3151 1484 3205 clavo:

233 3231 284 3276 et
315 3223 549 3277 studium
576 3223 755 3287 nobiS,
787 3224 930 3292 quod
958 3222 1059 3277 fuit
1090 3232 1237 3286 ante,
1266 3231 1463 3277 manet.
1906 3239 1962 3280 30

163 3292 371 3364 iamque
402 3294 585 3349 decem
614 3294 777 3349 frater
806 3295 946 3350 vitae
974 3294 1337 3366 geminaverat
1367 3310 1552 3358 annOS,

235 3381 355 3418 cum
384 3365 544 3436 perit,
575 3374 627 3420 et
656 3366 807 3436 coepi
836 3375 984 3437 parte
1015 3384 1193 3420 carere
1222 3365 1343 3419 mei.

165 3434 398 3506 cepimus
429 3445 480 3489 et
510 3446 721 3491 tenerae
751 3437 947 3507 primos
979 3437 1164 3492 aetatis
1194 3436 1441 3500 honoreS‚

236 3504 406 3576 deque
436 3506 562 3561 viris
591 3508 858 3577 quondam
887 3527 1010 3579 pars
1040 3508 1207 3562 tribus
1238 3526 1347 3562 una
1375 3507 1470 3561 fui.

462 3598 468 3604 '
1517 3589 1601 3633 12·
