2158 3906
546 323 896 371 FASTORUM
924 322 1047 369 LIB.
1077 322 1160 370 IV.
1194 322 1438 368 144—229.

211 426 357 482 urbis
386 444 482 497 per
508 426 712 479 medias
744 426 1015 480 exululata
1043 425 1176 479 vias.

143 517 334 554 scaena
363 505 537 560 sonat,
571 496 789 565 ludique
819 506 1028 551 vocant.
1102 503 1363 567 spectate,
1395 493 1648 563 Quirites,

214 577 265 623 et
293 568 410 622 fora
438 567 617 621 Marte
648 586 745 620 suo
774 566 1007 638 litigiosa
1034 576 1240 621 vacent.

143 657 396 711 quaerere
425 637 592 692 multa
620 638 773 691 libet:
806 638 900 692 sed
930 657 1016 693 me
1044 656 1207 692 sonus
1239 637 1373 691 aeris
1403 637 1547 691 acuti

212 717 372 765 terret
401 717 454 765 et
482 708 744 763 horrendo
773 709 908 763 lotos
939 709 1148 763 adunca
1178 727 1324 763 sono·

142 781 260 844 ‘da,
291 780 416 844 dea,
485 798 608 835 uem
638 780 829 834 sciter.'
904 780 1085 835 doctas
1117 778 1376 851 Cybeleia
1403 788 1590 850 neptes

213 851 346 905 vidit
376 860 428 906 et
495 870 552 905 as
584 869 743 905 curae
772 851 925 905 iussit
956 851 1141 905 adesse
1171 869 1338 906 meae.

142 921 381 995 ‘pandite
391 961 406 986 ,
435 921 672 976 mandati
700 941 986 986 memores,
1016 921 1289 976 Heliconis
1320 921 1583 987 alumnae,

212 993 445 1066 gaudeat
475 993 687 1047 assiduo
718 1012 814 1048 cur
842 993 943 1048 dea
971 993 1181 1064 Magna
1209 993 1375 1046 son0.’

142 1064 219 1119 sic
248 1083 365 1136 ego·
441 1064 516 1119 sic
545 1063 710 1118 Erato
740 1063 961 1134 (mensis
993 1063 1042 1118 O
1081 1064 1311 1118 there'ius
1341 1063 1421 1117 illi

215 1136 396 1200 cessit,
428 1136 572 1206 quod
602 1135 770 1190 teneri
798 1154 992 1189 nomen
1079 1135 1240 1187 moris
1269 1134 1480 1203 habet):

143 1206 373 1262 ‘reddita
403 1205 635 1260 Saturno
666 1225 779 1260 sors
809 1205 941 1259 haec
971 1214 1084 1259 erat
1113 1204 1352 1275 “optime
1382 1222 1589 1275 regum,

214 1297 247 1331 a
274 1285 399 1330 nato
430 1277 650 1347 sceptris
681 1276 948 1330 excutiere
979 1275 1136 1329 tuis.'’

77 1348 107 1365 ‘'
141 1348 228 1404 ille
259 1366 410 1402 suam
437 1358 703 1411 metuens,
732 1355 794 1400 ut
822 1364 1067 1415 quaeque
1098 1355 1211 1399 erat
1239 1345 1403 1409 edita,
1433 1345 1639 1417 prolem

213 1418 454 1482 devorat,
484 1418 768 1471 inmersam
797 1417 1195 1486 visceribusque
1226 1421 1387 1471 tenet.

143 1508 301 1561 saepe
330 1488 484 1544 Rhea
513 1498 701 1559 questa
730 1498 833 1552 est,
863 1488 1055 1542 totiens
1084 1487 1318 1542 fecunda
1346 1506 1446 1542 nec
1476 1505 1733 1558 umquam

213 1570 403 1624 mater,
435 1569 487 1615 et
514 1559 738 1613 indoluit
767 1559 1036 1614 fertilitate
1068 1578 1181 1613 sua.

140 1631 381 1704 Iuppiter
409 1639 555 1685 ortus
583 1640 698 1686 erat
726 1660 799 1671 —-
826 1649 923 1702 pro
952 1649 1150 1701 magna
1178 1638 1312 1685 teste
1342 1638 1581 1683 vetustas

214 1702 465 1757 creditur:
497 1711 770 1774 acceptam
798 1720 958 1773 parce
987 1721 1200 1756 movere
1230 1700 1391 1754 fidem
1418 1720 1514 1754 -ε

141 1782 288 1829 veste
316 1774 484 1829 latens
514 1793 704 1828 saxum
733 1774 946 1830 caelesti
975 1783 1191 1844 gutture
1221 1771 1373 1826 sedit.

214 1845 290 1899 sic
318 1845 526 1929 genitor
553 1844 676 1898 fatis
706 1844 1047 1915 decipiendus
1078 1855 1206 1899 erat.

143 1915 310 1970 ardua
337 1915 646 1970 iamdudum
675 1926 887 1970 resonat
917 1915 1191 1969 tinnitibus
1222 1914 1336 1978 Ide,

213 1995 359 2040 tutus
389 1995 450 2040 ut
478 1986 667 2040 infanti
690 1986 882 2058 ¹vagiat
912 2005 1002 2041 ore
1031 2005 1180 2057 puer.

142 2075 267 2129 pars
297 2057 363 2110 cli
402 2075 492 2111 eos
520 2057 765 2119 rudibus,
795 2058 975 2128 galeas
1043 2077 1128 2111 ars
1158 2056 1333 2111 tundit
1362 2056 1571 2112 inanesz

214 2128 315 2181 hoc
396 2136 571 2182 uretes
601 2127 822 2192 habent,
852 2128 954 2182 hoc
1035 2128 1318 2198 orybantes
1349 2145 1502 2198 opus.

141 2217 227 2252 res
257 2199 409 2252 latuit
436 2207 662 2269 patrem:
694 2199 958 2269 priscique
986 2199 1282 2252 imitamina
1309 2197 1455 2259 facti,

212 2288 336 2323 aera
366 2269 495 2324 deae
526 2270 741 2324 comites
770 2288 1035 2339 raucaque
1066 2280 1217 2340 terga
1244 2277 1476 2323 movent.

143 2340 388 2412 cymbala
415 2359 512 2411 pro
541 2341 732 2410 galeiS,
762 2359 858 2411 pro
890 2341 1052 2394 scutis
1082 2350 1335 2411 tympana
1363 2340 1600 2410 pulsant3

212 2411 343 2465 tibia
373 2411 463 2464 dat
491 2411 782 2482 Phrygios,
811 2420 869 2464 ut
901 2411 1046 2465 dedit
1075 2421 1222 2475 ante,
1251 2411 1472 2464 modos.’

63 2507 81 2514 x
143 2482 383 2536 desierat.
457 2483 632 2554 coepi:
665 2488 785 2536 ‘cur
813 2482 960 2546 huic,
991 2501 1161 2554 genus
1190 2501 1336 2545 acre,
1366 2482 1545 2537 leones

213 2553 467 2623 praebent
495 2553 730 2607 insolitas
761 2553 830 2606 ad
858 2553 987 2624 iuga
1016 2572 1180 2608 curva
1206 2553 1417 2606 iubas?’

144 2624 417 2678 desieram.
491 2625 686 2695 coepit:
719 2624 924 2678 ‘feritas
953 2625 1155 2678 mollita
1183 2643 1278 2696 per
1306 2624 1453 2678 illam

215 2695 465 2758 creditur3
495 2695 551 2748 id
581 2714 739 2749 curru
768 2696 1048 2750 testificata
1078 2714 1174 2749 suo
1205 2695 1317 2750 est.'

144 2770 223 2820 ‘at
252 2784 346 2820 cur
373 2765 619 2820 turrifera
648 2775 809 2837 caput
839 2776 919 2820 est
948 2776 1164 2821 onerata
1193 2766 1418 2820 corona?

214 2856 281 2890 an
310 2836 493 2907 primis
523 2846 693 2890 turres
723 2837 943 2890 urbibus
972 2838 1065 2891 illa
1094 2837 1291 2890 dedit?’

143 2907 343 2962 adnuit.
418 2907 583 2961 ‘unde
612 2908 780 2961 venit’
812 2908 922 2961 dixi
951 2914 1074 2961 ‘sua
1101 2907 1341 2961 membra
1369 2906 1584 2962 secandi

213 2978 496 3050 impetusP'
527 2988 587 3031 ut
615 2979 781 3042 tacui,
809 2978 982 3032 Pieris
1012 2997 1132 3032 orsa
1159 2978 1331 3047 loqui:

145 3049 353 3120 ‘Phryx
382 3067 516 3120 puer
543 3049 598 3102 in
630 3050 798 3112 silvis,
827 3049 964 3104 facie
994 3049 1319 3121 spectabilis,
1349 3049 1495 3102 Attis

215 3120 346 3174 turri
387 3139 532 3175 eram
562 3131 708 3174 casto
738 3121 907 3174 vinxit
936 3139 1113 3174 amore
1145 3120 1317 3174 deam.

145 3189 286 3245 hunc
315 3191 359 3245 si
396 3191 416 3245 i
445 3191 643 3246 servari
673 3192 861 3255 voluit,
893 3211 990 3245 sua
1018 3192 1218 3262 templa
1246 3191 1400 3255 tueri,

217 3271 269 3316 et
297 3262 430 3316 dixit
459 3267 711 3334 “semper
739 3263 827 3316 fac
855 3282 989 3334 puer
1019 3282 1134 3317 esse
1163 3262 1344 3316 veliS.’'

145 3331 232 3386 ille
259 3333 419 3387 fidem
447 3334 603 3387 iussis
634 3334 780 3388 dedit
809 3344 862 3388 et
891 3335 979 3388 “si
1007 3333 1288 3395 mentiar,”
1319 3333 1492 3401 inquit

217 3403 443 3458 “ultima
451 3444 466 3468 ‚
496 3423 603 3474 qua
631 3405 837 3470 fallam,
870 3406 936 3459 sit
964 3405 1152 3460 Venus
1181 3405 1272 3458 illa
1301 3404 1483 3457 mihi.’'

145 3473 281 3528 fallit
309 3484 362 3529 et
388 3475 445 3528 in
473 3476 708 3546 nympha
738 3476 1040 3547 Sagaritide
1071 3475 1263 3530 desinit
1292 3494 1424 3538 esse,

1890 723 1975 764 190

1891 1079 1978 1121 19⁵

1888 1433 1978 1473 200

1887 1787 1975 1828 20⁵

1886 2142 1976 2183 210

1885 2498 1974 2539 215

1886 2853 1977 2893 220

1889 3208 1976 3248 225
