<?xml version="1.0" encoding="UTF-8"?>
<!DOCTYPE html PUBLIC "-//W3C//DTD XHTML 1.0 Transitional//EN"
    "http://www.w3.org/TR/xhtml1/DTD/xhtml1-transitional.dtd">
<html xmlns="http://www.w3.org/1999/xhtml" xml:lang="en" lang="en">
 <head>
  <title>
</title>
<meta http-equiv="Content-Type" content="text/html;charset=utf-8" />
  <meta name='ocr-system' content='tesseract 3.04.00' />
  <meta name='ocr-capabilities' content='ocr_page ocr_carea ocr_par ocr_line ocrx_word'/>
</head>
<body>
  <div class='ocr_page' id='page_1' title='image "./carminaov03oviduoft_0154.png"; bbox 0 0 2158 3906; ppageno 0'>
   <div class='ocr_carea' id='block_1_1' title="bbox 336 331 1852 388">
    <p class='ocr_par' dir='ltr' id='par_1_1' title="bbox 336 331 1852 388">
     <span class='ocr_line' id='line_1_1' title="bbox 336 331 1852 388; baseline 0.001 -4"><span class='ocrx_word' id='word_1_1' title='bbox 336 331 437 385; x_wconf 86' lang='grc'>116</span> <span class='ocrx_word' id='word_1_2' title='bbox 516 343 572 386; x_wconf 91' lang='grc' dir='ltr'>Ρ.</span> <span class='ocrx_word' id='word_1_3' title='bbox 605 341 812 388; x_wconf 92' lang='lat' dir='ltr'>OVIDII</span> <span class='ocrx_word' id='word_1_4' title='bbox 839 338 1110 385; x_wconf 86' lang='lat' dir='ltr'>NASONIS</span> <span class='ocrx_word' id='word_1_5' title='bbox 1143 337 1322 384; x_wconf 84' lang='lat' dir='ltr'><strong>FAST.</strong></span> <span class='ocrx_word' id='word_1_6' title='bbox 1352 338 1474 383; x_wconf 86' lang='lat' dir='ltr'><strong>LIB.</strong></span> <span class='ocrx_word' id='word_1_7' title='bbox 1497 340 1579 386; x_wconf 93' lang='lat' dir='ltr'>VI.</span> <span class='ocrx_word' id='word_1_8' title='bbox 1611 340 1852 386; x_wconf 81' lang='lat'>776—812.</span> 
     </span>
    </p>
   </div>
   <div class='ocr_carea' id='block_1_2' title="bbox 223 440 1733 934">
    <p class='ocr_par' dir='ltr' id='par_1_2' title="bbox 223 440 1733 934">
     <span class='ocr_line' id='line_1_2' title="bbox 413 440 1733 509; baseline -0.002 -13"><span class='ocrx_word' id='word_1_9' title='bbox 413 444 682 497; x_wconf 89' lang='lat' dir='ltr'>constituit</span> <span class='ocrx_word' id='word_1_10' title='bbox 711 441 902 493; x_wconf 82' lang='lat' dir='ltr'>dubiae</span> <span class='ocrx_word' id='word_1_11' title='bbox 933 440 1129 509; x_wconf 90' lang='lat' dir='ltr'>templa</span> <span class='ocrx_word' id='word_1_12' title='bbox 1159 440 1454 509; x_wconf 90' lang='lat' dir='ltr'>propinqua</span> <span class='ocrx_word' id='word_1_13' title='bbox 1485 441 1629 494; x_wconf 90' lang='lat' dir='ltr'>deae.</span> <span class='ocrx_word' id='word_1_14' title='bbox 1660 469 1733 479; x_wconf 91' lang='lat'>-—</span> 
     </span>
     <span class='ocr_line' id='line_1_3' title="bbox 230 510 1604 573; baseline -0.003 -5"><span class='ocrx_word' id='word_1_15' title='bbox 230 532 313 573; x_wconf 84' lang='lat'>785</span> <span class='ocrx_word' id='word_1_16' title='bbox 346 531 467 568; x_wconf 86' lang='lat' dir='ltr'>ecce</span> <span class='ocrx_word' id='word_1_17' title='bbox 499 512 801 565; x_wconf 89' lang='lat' dir='ltr'>suburbana</span> <span class='ocrx_word' id='word_1_18' title='bbox 831 511 1038 563; x_wconf 90' lang='lat' dir='ltr'>rediens</span> <span class='ocrx_word' id='word_1_19' title='bbox 1069 512 1205 563; x_wconf 87' lang='lat' dir='ltr'>male</span> <span class='ocrx_word' id='word_1_20' title='bbox 1238 510 1443 563; x_wconf 88' lang='lat' dir='ltr'>sobrius</span> <span class='ocrx_word' id='word_1_21' title='bbox 1475 512 1604 564; x_wconf 84' lang='lat' dir='ltr'>aede</span> 
     </span>
     <span class='ocr_line' id='line_1_4' title="bbox 411 581 1428 650; baseline -0.003 -14"><span class='ocrx_word' id='word_1_22' title='bbox 411 585 479 636; x_wconf 89' lang='lat' dir='ltr'>ad</span> <span class='ocrx_word' id='word_1_23' title='bbox 509 583 684 636; x_wconf 84' lang='lat' dir='ltr'>stellas</span> <span class='ocrx_word' id='word_1_24' title='bbox 716 581 905 650; x_wconf 90' lang='lat' dir='ltr'>aliquis</span> <span class='ocrx_word' id='word_1_25' title='bbox 936 581 1062 633; x_wconf 88' lang='lat' dir='ltr'>talia</span> <span class='ocrx_word' id='word_1_26' title='bbox 1093 582 1254 634; x_wconf 92' lang='lat' dir='ltr'>verba</span> <span class='ocrx_word' id='word_1_27' title='bbox 1283 581 1428 634; x_wconf 88' lang='lat' dir='ltr'>iacit:</span> 
     </span>
     <span class='ocr_line' id='line_1_5' title="bbox 337 652 1716 715; baseline -0.001 -8"><span class='ocrx_word' id='word_1_28' title='bbox 337 661 496 707; x_wconf 90' lang='lat' dir='ltr'>‘zona</span> <span class='ocrx_word' id='word_1_29' title='bbox 525 654 652 706; x_wconf 87' lang='lat' dir='ltr'>latet</span> <span class='ocrx_word' id='word_1_30' title='bbox 682 661 774 704; x_wconf 91' lang='lat' dir='ltr'>tua</span> <span class='ocrx_word' id='word_1_31' title='bbox 803 670 968 715; x_wconf 91' lang='lat' dir='ltr'>nunc,</span> <span class='ocrx_word' id='word_1_32' title='bbox 1002 661 1052 705; x_wconf 93' lang='lat' dir='ltr'>et</span> <span class='ocrx_word' id='word_1_33' title='bbox 1083 670 1197 704; x_wconf 88' lang='lat' dir='ltr'>cras</span> <span class='ocrx_word' id='word_1_34' title='bbox 1227 652 1449 705; x_wconf 85' lang='lat' dir='ltr'>fortasse</span> <span class='ocrx_word' id='word_1_35' title='bbox 1479 652 1686 706; x_wconf 85' lang='lat' dir='ltr'>latebit:</span> <span class='ocrx_word' id='word_1_36' title='bbox 1711 662 1716 665; x_wconf 76' lang='grc'><strong>’</strong></span> 
     </span>
     <span class='ocr_line' id='line_1_6' title="bbox 407 720 1497 792; baseline -0.002 -16"><span class='ocrx_word' id='word_1_37' title='bbox 407 724 596 777; x_wconf 91' lang='lat' dir='ltr'>dehinc</span> <span class='ocrx_word' id='word_1_38' title='bbox 628 722 747 785; x_wconf 90' lang='lat' dir='ltr'>erit,</span> <span class='ocrx_word' id='word_1_39' title='bbox 781 720 974 785; x_wconf 86' lang='lat' dir='ltr'>Orion,</span> <span class='ocrx_word' id='word_1_40' title='bbox 1007 723 1308 792; x_wconf 87' lang='lat' dir='ltr'>aspicienda</span> <span class='ocrx_word' id='word_1_41' title='bbox 1337 722 1497 775; x_wconf 68' lang='lat' dir='ltr'>mihi!</span> 
     </span>
     <span class='ocr_line' id='line_1_7' title="bbox 336 794 1449 863; baseline -0.002 -16"><span class='ocrx_word' id='word_1_42' title='bbox 336 805 390 848; x_wconf 89' lang='lat' dir='ltr'>at</span> <span class='ocrx_word' id='word_1_43' title='bbox 421 795 466 847; x_wconf 89' lang='lat' dir='ltr'>si</span> <span class='ocrx_word' id='word_1_44' title='bbox 495 812 602 846; x_wconf 92' lang='lat' dir='ltr'>non</span> <span class='ocrx_word' id='word_1_45' title='bbox 633 802 769 846; x_wconf 90' lang='lat' dir='ltr'>esset</span> <span class='ocrx_word' id='word_1_46' title='bbox 799 802 984 863; x_wconf 67' lang='lat' dir='ltr'>potus),</span> <span class='ocrx_word' id='word_1_47' title='bbox 1017 794 1232 846; x_wconf 79' lang='lat' dir='ltr'>dixisset</span> <span class='ocrx_word' id='word_1_48' title='bbox 1262 794 1449 847; x_wconf 90' lang='lat' dir='ltr'>eadem</span> 
     </span>
     <span class='ocr_line' id='line_1_8' title="bbox 223 864 1365 934; baseline -0.001 -17"><span class='ocrx_word' id='word_1_49' title='bbox 223 883 303 922; x_wconf 82' lang='lat'>790</span> <span class='ocrx_word' id='word_1_50' title='bbox 407 874 689 918; x_wconf 88' lang='lat' dir='ltr'>venturum</span> <span class='ocrx_word' id='word_1_51' title='bbox 721 873 929 934; x_wconf 88' lang='lat' dir='ltr'>tempus</span> <span class='ocrx_word' id='word_1_52' title='bbox 962 864 1233 917; x_wconf 82' lang='lat' dir='ltr'>solstitiale</span> <span class='ocrx_word' id='word_1_53' title='bbox 1266 864 1365 917; x_wconf 89' lang='lat' dir='ltr'>die.</span> 
     </span>
    </p>
   </div>
   <div class='ocr_carea' id='block_1_3' title="bbox 223 990 2052 1275">
    <p class='ocr_par' dir='ltr' id='par_1_3' title="bbox 223 990 2052 1275">
     <span class='ocr_line' id='line_1_9' title="bbox 331 990 2052 1045; baseline 0.001 -1"><span class='ocrx_word' id='word_1_54' title='bbox 331 991 586 1045; x_wconf 90' lang='lat' dir='ltr'>Lucifero</span> <span class='ocrx_word' id='word_1_55' title='bbox 619 991 877 1044; x_wconf 86' lang='lat' dir='ltr'>subeunte</span> <span class='ocrx_word' id='word_1_56' title='bbox 908 990 1078 1044; x_wconf 86' lang='lat' dir='ltr'>Lares</span> <span class='ocrx_word' id='word_1_57' title='bbox 1110 992 1329 1045; x_wconf 90' lang='lat' dir='ltr'>delubra</span> <span class='ocrx_word' id='word_1_58' title='bbox 1358 992 1590 1045; x_wconf 91' lang='lat' dir='ltr'>tulerunt</span> <span class='ocrx_word' id='word_1_59' title='bbox 1841 991 1920 1035; x_wconf 82' lang='lat'>25-</span> <span class='ocrx_word' id='word_1_60' title='bbox 1953 993 2006 1036; x_wconf 87' lang='lat' dir='ltr'><em>H</em></span> <span class='ocrx_word' id='word_1_61' title='bbox 2013 992 2052 1037; x_wconf 87' lang='lat' dir='ltr'>C&#39;</span> 
     </span>
     <span class='ocr_line' id='line_1_10' title="bbox 406 1062 1544 1125; baseline 0 -11"><span class='ocrx_word' id='word_1_62' title='bbox 406 1063 518 1125; x_wconf 90' lang='lat' dir='ltr'>hic,</span> <span class='ocrx_word' id='word_1_63' title='bbox 549 1062 642 1114; x_wconf 91' lang='lat' dir='ltr'>ubi</span> <span class='ocrx_word' id='word_1_64' title='bbox 672 1063 729 1114; x_wconf 92' lang='lat' dir='ltr'>fit</span> <span class='ocrx_word' id='word_1_65' title='bbox 763 1063 917 1115; x_wconf 87' lang='lat' dir='ltr'>docta</span> <span class='ocrx_word' id='word_1_66' title='bbox 948 1064 1114 1115; x_wconf 90' lang='lat' dir='ltr'>multa</span> <span class='ocrx_word' id='word_1_67' title='bbox 1146 1081 1338 1116; x_wconf 86' lang='lat' dir='ltr'>corona</span> <span class='ocrx_word' id='word_1_68' title='bbox 1367 1082 1544 1115; x_wconf 81' lang='lat' dir='ltr'>mann.</span> 
     </span>
     <span class='ocr_line' id='line_1_11' title="bbox 334 1133 1960 1203; baseline 0 -17"><span class='ocrx_word' id='word_1_69' title='bbox 334 1142 546 1203; x_wconf 89' lang='lat' dir='ltr'>tempus</span> <span class='ocrx_word' id='word_1_70' title='bbox 577 1133 719 1186; x_wconf 90' lang='lat' dir='ltr'>idem</span> <span class='ocrx_word' id='word_1_71' title='bbox 752 1134 932 1186; x_wconf 83' lang='lat' dir='ltr'>Stator</span> <span class='ocrx_word' id='word_1_72' title='bbox 963 1134 1106 1186; x_wconf 83' lang='lat' dir='ltr'>aedis</span> <span class='ocrx_word' id='word_1_73' title='bbox 1138 1133 1321 1195; x_wconf 90' lang='lat' dir='ltr'>habet,</span> <span class='ocrx_word' id='word_1_74' title='bbox 1351 1150 1513 1202; x_wconf 91' lang='lat' dir='ltr'>quam</span> <span class='ocrx_word' id='word_1_75' title='bbox 1542 1134 1803 1187; x_wconf 86' lang='lat' dir='ltr'>Romulus</span> <span class='ocrx_word' id='word_1_76' title='bbox 1834 1135 1960 1187; x_wconf 90' lang='lat' dir='ltr'>olim</span> 
     </span>
     <span class='ocr_line' id='line_1_12' title="bbox 223 1203 1332 1275; baseline -0.005 -13"><span class='ocrx_word' id='word_1_77' title='bbox 223 1223 306 1262; x_wconf 84' lang='grc'>794</span> <span class='ocrx_word' id='word_1_78' title='bbox 409 1213 527 1257; x_wconf 87' lang='lat' dir='ltr'>ante</span> <span class='ocrx_word' id='word_1_79' title='bbox 557 1203 788 1257; x_wconf 82' lang='lat' dir='ltr'>Palatini</span> <span class='ocrx_word' id='word_1_80' title='bbox 819 1205 1051 1258; x_wconf 84' lang='lat' dir='ltr'>condidit</span> <span class='ocrx_word' id='word_1_81' title='bbox 1083 1223 1173 1257; x_wconf 89' lang='lat' dir='ltr'>ora</span> <span class='ocrx_word' id='word_1_82' title='bbox 1203 1204 1332 1275; x_wconf 88' lang='lat' dir='ltr'>iugi.</span> 
     </span>
    </p>
   </div>
   <div class='ocr_carea' id='block_1_4' title="bbox 221 1325 2052 1753">
    <p class='ocr_par' dir='ltr' id='par_1_4' title="bbox 221 1325 2052 1753">
     <span class='ocr_line' id='line_1_13' title="bbox 221 1325 2052 1403; baseline -0.001 -16"><span class='ocrx_word' id='word_1_83' title='bbox 221 1325 301 1389; x_wconf 84' lang='grc'>763</span> <span class='ocrx_word' id='word_1_84' title='bbox 332 1332 454 1385; x_wconf 92' lang='lat' dir='ltr'>Non</span> <span class='ocrx_word' id='word_1_85' title='bbox 485 1351 584 1402; x_wconf 84' lang='lat' dir='ltr'>ego</span> <span class='ocrx_word' id='word_1_86' title='bbox 617 1341 692 1394; x_wconf 90' lang='lat' dir='ltr'>te,</span> <span class='ocrx_word' id='word_1_87' title='bbox 727 1332 967 1400; x_wconf 88' lang='lat' dir='ltr'>quamvis</span> <span class='ocrx_word' id='word_1_88' title='bbox 999 1332 1306 1403; x_wconf 86' lang='lat' dir='ltr'>properabis</span> <span class='ocrx_word' id='word_1_89' title='bbox 1337 1332 1570 1394; x_wconf 87' lang='lat' dir='ltr'>vincere,</span> <span class='ocrx_word' id='word_1_90' title='bbox 1605 1330 1821 1395; x_wconf 88' lang='lat' dir='ltr'>Caesar,</span> <span class='ocrx_word' id='word_1_91' title='bbox 1849 1330 1929 1374; x_wconf 73' lang='lat'>2⁶⁴·</span> <span class='ocrx_word' id='word_1_92' title='bbox 1959 1331 2052 1376; x_wconf 88' lang='lat' dir='ltr'>AC&#39;</span> 
     </span>
     <span class='ocr_line' id='line_1_14' title="bbox 409 1403 1601 1472; baseline 0 -17"><span class='ocrx_word' id='word_1_93' title='bbox 409 1403 452 1455; x_wconf 91' lang='lat' dir='ltr'>si</span> <span class='ocrx_word' id='word_1_94' title='bbox 482 1412 624 1455; x_wconf 88' lang='lat' dir='ltr'>vetet</span> <span class='ocrx_word' id='word_1_95' title='bbox 655 1403 971 1472; x_wconf 81' lang='lat' dir='ltr'>auspicium,</span> <span class='ocrx_word' id='word_1_96' title='bbox 1005 1403 1155 1472; x_wconf 86' lang='lat' dir='ltr'>signa</span> <span class='ocrx_word' id='word_1_97' title='bbox 1186 1421 1397 1456; x_wconf 92' lang='lat' dir='ltr'>movere</span> <span class='ocrx_word' id='word_1_98' title='bbox 1427 1403 1601 1456; x_wconf 88' lang='lat' dir='ltr'>velim.</span> 
     </span>
     <span class='ocr_line' id='line_1_15' title="bbox 223 1473 1724 1541; baseline -0.002 -11"><span class='ocrx_word' id='word_1_99' title='bbox 223 1491 303 1530; x_wconf 83' lang='lat'>765</span> <span class='ocrx_word' id='word_1_100' title='bbox 336 1473 441 1525; x_wconf 90' lang='lat' dir='ltr'>sint</span> <span class='ocrx_word' id='word_1_101' title='bbox 471 1474 568 1526; x_wconf 87' lang='lat' dir='ltr'>tibi</span> <span class='ocrx_word' id='word_1_102' title='bbox 597 1473 890 1526; x_wconf 86' lang='lat' dir='ltr'>Flaminius</span> <span class='ocrx_word' id='word_1_103' title='bbox 921 1474 1336 1541; x_wconf 86' lang='lat' dir='ltr'>Trasimenaque</span> <span class='ocrx_word' id='word_1_104' title='bbox 1365 1473 1518 1526; x_wconf 87' lang='lat' dir='ltr'>litora</span> <span class='ocrx_word' id='word_1_105' title='bbox 1548 1483 1724 1538; x_wconf 85' lang='lat' dir='ltr'>testes,</span> 
     </span>
     <span class='ocr_line' id='line_1_16' title="bbox 408 1543 1612 1613; baseline -0.001 -16"><span class='ocrx_word' id='word_1_106' title='bbox 408 1563 503 1613; x_wconf 89' lang='lat' dir='ltr'>per</span> <span class='ocrx_word' id='word_1_107' title='bbox 533 1545 772 1597; x_wconf 90' lang='lat' dir='ltr'>volucres</span> <span class='ocrx_word' id='word_1_108' title='bbox 804 1562 1000 1612; x_wconf 89' lang='lat' dir='ltr'>aequos</span> <span class='ocrx_word' id='word_1_109' title='bbox 1031 1543 1197 1596; x_wconf 87' lang='lat' dir='ltr'>multa</span> <span class='ocrx_word' id='word_1_110' title='bbox 1226 1561 1439 1598; x_wconf 88' lang='lat' dir='ltr'>monere</span> <span class='ocrx_word' id='word_1_111' title='bbox 1471 1544 1612 1598; x_wconf 89' lang='lat' dir='ltr'>deos.</span> 
     </span>
     <span class='ocr_line' id='line_1_17' title="bbox 335 1615 1649 1684; baseline 0 -17"><span class='ocrx_word' id='word_1_112' title='bbox 335 1623 575 1684; x_wconf 89' lang='lat' dir='ltr'>tempora</span> <span class='ocrx_word' id='word_1_113' title='bbox 605 1615 647 1667; x_wconf 90' lang='lat' dir='ltr'>si</span> <span class='ocrx_word' id='word_1_114' title='bbox 680 1615 870 1668; x_wconf 89' lang='lat' dir='ltr'>veteris</span> <span class='ocrx_word' id='word_1_115' title='bbox 901 1615 1107 1683; x_wconf 89' lang='lat' dir='ltr'>quaeris</span> <span class='ocrx_word' id='word_1_116' title='bbox 1139 1615 1416 1668; x_wconf 87' lang='lat' dir='ltr'>temeraria</span> <span class='ocrx_word' id='word_1_117' title='bbox 1446 1615 1649 1667; x_wconf 79' lang='lat' dir='ltr'>damni:</span> 
     </span>
     <span class='ocr_line' id='line_1_18' title="bbox 404 1685 1608 1753; baseline 0.002 -16"><span class='ocrx_word' id='word_1_118' title='bbox 404 1686 620 1753; x_wconf 89' lang='lat' dir='ltr'>quintus</span> <span class='ocrx_word' id='word_1_119' title='bbox 658 1686 725 1738; x_wconf 88' lang='lat' dir='ltr'>ab</span> <span class='ocrx_word' id='word_1_120' title='bbox 758 1695 992 1739; x_wconf 89' lang='lat' dir='ltr'>extremo</span> <span class='ocrx_word' id='word_1_121' title='bbox 1023 1705 1203 1739; x_wconf 88' lang='lat' dir='ltr'>mense</span> <span class='ocrx_word' id='word_1_122' title='bbox 1234 1685 1332 1739; x_wconf 90' lang='lat' dir='ltr'>erit</span> <span class='ocrx_word' id='word_1_123' title='bbox 1361 1686 1447 1739; x_wconf 91' lang='lat' dir='ltr'>ille</span> <span class='ocrx_word' id='word_1_124' title='bbox 1480 1687 1608 1739; x_wconf 90' lang='lat' dir='ltr'>dies.</span> 
     </span>
    </p>
   </div>
   <div class='ocr_carea' id='block_1_5' title="bbox 218 1811 2050 1953">
    <p class='ocr_par' dir='ltr' id='par_1_5' title="bbox 218 1811 2050 1953">
     <span class='ocr_line' id='line_1_19' title="bbox 330 1811 2050 1883; baseline 0 -19"><span class='ocrx_word' id='word_1_125' title='bbox 330 1812 554 1865; x_wconf 91' lang='lat' dir='ltr'>Postera</span> <span class='ocrx_word' id='word_1_126' title='bbox 585 1814 678 1864; x_wconf 86' lang='lat' dir='ltr'>lux</span> <span class='ocrx_word' id='word_1_127' title='bbox 708 1813 914 1865; x_wconf 86' lang='lat' dir='ltr'>melior:</span> <span class='ocrx_word' id='word_1_128' title='bbox 948 1823 1159 1882; x_wconf 87' lang='lat' dir='ltr'>superat</span> <span class='ocrx_word' id='word_1_129' title='bbox 1182 1812 1470 1865; x_wconf 84' lang='lat' dir='ltr'>Masinissa</span> <span class='ocrx_word' id='word_1_130' title='bbox 1494 1811 1812 1883; x_wconf 82' lang='lat' dir='ltr'>Syphacem,</span> <span class='ocrx_word' id='word_1_131' title='bbox 1857 1811 1937 1856; x_wconf 79' lang='lat'>27·</span> <span class='ocrx_word' id='word_1_132' title='bbox 1957 1812 2050 1858; x_wconf 79' lang='lat' dir='ltr'>BC</span> 
     </span>
     <span class='ocr_line' id='line_1_20' title="bbox 218 1883 1462 1953; baseline -0.004 -13"><span class='ocrx_word' id='word_1_133' title='bbox 218 1902 301 1940; x_wconf 84' lang='lat'>770</span> <span class='ocrx_word' id='word_1_134' title='bbox 403 1892 454 1936; x_wconf 89' lang='lat' dir='ltr'>et</span> <span class='ocrx_word' id='word_1_135' title='bbox 486 1883 674 1936; x_wconf 89' lang='lat' dir='ltr'>cecidit</span> <span class='ocrx_word' id='word_1_136' title='bbox 706 1883 821 1936; x_wconf 89' lang='lat' dir='ltr'>telis</span> <span class='ocrx_word' id='word_1_137' title='bbox 854 1884 1162 1936; x_wconf 89' lang='lat' dir='ltr'>Hasdrubal</span> <span class='ocrx_word' id='word_1_138' title='bbox 1192 1883 1306 1953; x_wconf 87' lang='lat' dir='ltr'>ipse</span> <span class='ocrx_word' id='word_1_139' title='bbox 1339 1883 1462 1935; x_wconf 76' lang='lat' dir='ltr'>suiS.</span> 
     </span>
    </p>
   </div>
   <div class='ocr_carea' id='block_1_6' title="bbox 217 2009 2052 2151">
    <p class='ocr_par' dir='ltr' id='par_1_6' title="bbox 217 2009 2052 2151">
     <span class='ocr_line' id='line_1_21' title="bbox 217 2009 2052 2078; baseline 0 -14"><span class='ocrx_word' id='word_1_140' title='bbox 217 2025 298 2066; x_wconf 87' lang='grc'>795</span> <span class='ocrx_word' id='word_1_141' title='bbox 329 2010 436 2063; x_wconf 87' lang='lat' dir='ltr'>Tot</span> <span class='ocrx_word' id='word_1_142' title='bbox 465 2018 665 2063; x_wconf 87' lang='lat' dir='ltr'>restant</span> <span class='ocrx_word' id='word_1_143' title='bbox 696 2010 762 2063; x_wconf 95' lang='lat' dir='ltr'>de</span> <span class='ocrx_word' id='word_1_144' title='bbox 795 2030 975 2063; x_wconf 90' lang='lat' dir='ltr'>mense</span> <span class='ocrx_word' id='word_1_145' title='bbox 1008 2010 1142 2073; x_wconf 80' lang='lat' dir='ltr'>dies,</span> <span class='ocrx_word' id='word_1_146' title='bbox 1174 2020 1302 2078; x_wconf 93' lang='lat' dir='ltr'>quot</span> <span class='ocrx_word' id='word_1_147' title='bbox 1332 2010 1546 2063; x_wconf 90' lang='lat' dir='ltr'>nomina</span> <span class='ocrx_word' id='word_1_148' title='bbox 1575 2010 1779 2074; x_wconf 75' lang='lat' dir='ltr'>ParciS,</span> <span class='ocrx_word' id='word_1_149' title='bbox 1853 2009 1932 2054; x_wconf 76' lang='lat'>28·</span> <span class='ocrx_word' id='word_1_150' title='bbox 1968 2010 2052 2054; x_wconf 78' lang='lat' dir='ltr'>CF</span> 
     </span>
     <span class='ocr_line' id='line_1_22' title="bbox 402 2080 1779 2151; baseline 0.001 -17"><span class='ocrx_word' id='word_1_151' title='bbox 402 2099 523 2134; x_wconf 90' lang='lat' dir='ltr'>cum</span> <span class='ocrx_word' id='word_1_152' title='bbox 555 2081 679 2134; x_wconf 88' lang='lat' dir='ltr'>data</span> <span class='ocrx_word' id='word_1_153' title='bbox 712 2091 833 2133; x_wconf 88' lang='lat' dir='ltr'>sunt</span> <span class='ocrx_word' id='word_1_154' title='bbox 862 2082 1074 2134; x_wconf 86' lang='lat' dir='ltr'>trabeae</span> <span class='ocrx_word' id='word_1_155' title='bbox 1107 2082 1327 2151; x_wconf 86' lang='lat' dir='ltr'>templa,</span> <span class='ocrx_word' id='word_1_156' title='bbox 1361 2080 1608 2148; x_wconf 80' lang='lat' dir='ltr'>Quirine,</span> <span class='ocrx_word' id='word_1_157' title='bbox 1640 2091 1779 2135; x_wconf 86' lang='lat' dir='ltr'>tuae.</span> 
     </span>
    </p>
   </div>
   <div class='ocr_carea' id='block_1_7' title="bbox 210 2206 2052 3337">
    <p class='ocr_par' dir='ltr' id='par_1_7' title="bbox 210 2206 2052 3337">
     <span class='ocr_line' id='line_1_23' title="bbox 329 2206 2052 2278; baseline 0 -16"><span class='ocrx_word' id='word_1_158' title='bbox 329 2208 565 2278; x_wconf 88' lang='lat' dir='ltr'>Tempus</span> <span class='ocrx_word' id='word_1_159' title='bbox 597 2209 759 2262; x_wconf 91' lang='lat' dir='ltr'>Iuleis</span> <span class='ocrx_word' id='word_1_160' title='bbox 792 2227 906 2261; x_wconf 89' lang='lat' dir='ltr'>cras</span> <span class='ocrx_word' id='word_1_161' title='bbox 939 2217 1019 2262; x_wconf 89' lang='lat' dir='ltr'>est</span> <span class='ocrx_word' id='word_1_162' title='bbox 1048 2209 1222 2262; x_wconf 88' lang='lat' dir='ltr'>natale</span> <span class='ocrx_word' id='word_1_163' title='bbox 1252 2209 1537 2263; x_wconf 89' lang='lat' dir='ltr'>Kalendis:</span> <span class='ocrx_word' id='word_1_164' title='bbox 1841 2206 1920 2251; x_wconf 76' lang='lat'>29·</span> <span class='ocrx_word' id='word_1_165' title='bbox 1953 2208 2052 2250; x_wconf 86' lang='lat' dir='ltr'>DF</span> 
     </span>
     <span class='ocr_line' id='line_1_24' title="bbox 399 2262 2048 2350; baseline 0.001 -19"><span class='ocrx_word' id='word_1_166' title='bbox 399 2278 662 2342; x_wconf 81' lang='lat' dir='ltr'>Pierides,</span> <span class='ocrx_word' id='word_1_167' title='bbox 696 2280 893 2350; x_wconf 87' lang='lat' dir='ltr'>coeptis</span> <span class='ocrx_word' id='word_1_168' title='bbox 926 2280 1102 2333; x_wconf 86' lang='lat' dir='ltr'>addite</span> <span class='ocrx_word' id='word_1_169' title='bbox 1134 2299 1341 2332; x_wconf 90' lang='lat' dir='ltr'>summa</span> <span class='ocrx_word' id='word_1_170' title='bbox 1371 2281 1517 2333; x_wconf 87' lang='lat' dir='ltr'>meis.</span> <span class='ocrx_word' id='word_1_171' title='bbox 1843 2262 1924 2307; x_wconf 74' lang='lat'>30·</span> <span class='ocrx_word' id='word_1_172' title='bbox 1954 2264 2048 2310; x_wconf 68' lang='lat' dir='ltr'>EG</span> 
     </span>
     <span class='ocr_line' id='line_1_25' title="bbox 330 2350 1540 2418; baseline 0.002 -17"><span class='ocrx_word' id='word_1_173' title='bbox 330 2350 510 2412; x_wconf 89' lang='lat' dir='ltr'>dicite,</span> <span class='ocrx_word' id='word_1_174' title='bbox 542 2350 807 2412; x_wconf 83' lang='lat' dir='ltr'>Pierides,</span> <span class='ocrx_word' id='word_1_175' title='bbox 839 2351 956 2418; x_wconf 89' lang='lat' dir='ltr'>quis</span> <span class='ocrx_word' id='word_1_176' title='bbox 987 2369 1081 2402; x_wconf 88' lang='lat' dir='ltr'>vos</span> <span class='ocrx_word' id='word_1_177' title='bbox 1112 2351 1410 2403; x_wconf 88' lang='lat' dir='ltr'>adiunxerit</span> <span class='ocrx_word' id='word_1_178' title='bbox 1439 2351 1540 2414; x_wconf 87' lang='lat' dir='ltr'>isti,</span> 
     </span>
     <span class='ocr_line' id='line_1_26' title="bbox 214 2420 1555 2476; baseline -0.001 -1"><span class='ocrx_word' id='word_1_179' title='bbox 214 2436 299 2476; x_wconf 83' lang='lat'>800</span> <span class='ocrx_word' id='word_1_180' title='bbox 401 2420 486 2473; x_wconf 92' lang='lat' dir='ltr'>cui</span> <span class='ocrx_word' id='word_1_181' title='bbox 517 2421 662 2473; x_wconf 86' lang='lat' dir='ltr'>dedit</span> <span class='ocrx_word' id='word_1_182' title='bbox 690 2421 879 2473; x_wconf 87' lang='lat' dir='ltr'>invitas</span> <span class='ocrx_word' id='word_1_183' title='bbox 911 2421 1051 2474; x_wconf 87' lang='lat' dir='ltr'>victa</span> <span class='ocrx_word' id='word_1_184' title='bbox 1081 2439 1308 2474; x_wconf 87' lang='lat' dir='ltr'>noverca</span> <span class='ocrx_word' id='word_1_185' title='bbox 1336 2422 1555 2474; x_wconf 85' lang='lat' dir='ltr'>manus?</span> 
     </span>
     <span class='ocr_line' id='line_1_27' title="bbox 331 2489 1644 2562; baseline 0.001 -19"><span class='ocrx_word' id='word_1_186' title='bbox 331 2491 405 2543; x_wconf 90' lang='lat' dir='ltr'>sic</span> <span class='ocrx_word' id='word_1_187' title='bbox 436 2509 559 2560; x_wconf 83' lang='lat' dir='ltr'>eg03</span> <span class='ocrx_word' id='word_1_188' title='bbox 592 2492 666 2544; x_wconf 90' lang='lat' dir='ltr'>sic</span> <span class='ocrx_word' id='word_1_189' title='bbox 698 2489 839 2543; x_wconf 85' lang='lat' dir='ltr'>Clio:</span> <span class='ocrx_word' id='word_1_190' title='bbox 873 2491 1025 2544; x_wconf 88' lang='lat' dir='ltr'>‘clari</span> <span class='ocrx_word' id='word_1_191' title='bbox 1053 2492 1378 2545; x_wconf 89' lang='lat' dir='ltr'>monimenta</span> <span class='ocrx_word' id='word_1_192' title='bbox 1406 2492 1644 2562; x_wconf 86' lang='lat' dir='ltr'>Philippi</span> 
     </span>
     <span class='ocr_line' id='line_1_28' title="bbox 402 2562 1610 2632; baseline 0.001 -19"><span class='ocrx_word' id='word_1_193' title='bbox 402 2562 616 2630; x_wconf 77' lang='lat' dir='ltr'>aspiciS,</span> <span class='ocrx_word' id='word_1_194' title='bbox 647 2562 787 2615; x_wconf 88' lang='lat' dir='ltr'>unde</span> <span class='ocrx_word' id='word_1_195' title='bbox 820 2562 978 2614; x_wconf 87' lang='lat' dir='ltr'>trahit</span> <span class='ocrx_word' id='word_1_196' title='bbox 1007 2562 1215 2614; x_wconf 89' lang='lat' dir='ltr'>Marcia</span> <span class='ocrx_word' id='word_1_197' title='bbox 1245 2572 1390 2614; x_wconf 91' lang='lat' dir='ltr'>casta</span> <span class='ocrx_word' id='word_1_198' title='bbox 1418 2581 1610 2632; x_wconf 83' lang='lat' dir='ltr'>genus:</span> 
     </span>
     <span class='ocr_line' id='line_1_29' title="bbox 328 2631 1666 2696; baseline 0.002 -13"><span class='ocrx_word' id='word_1_199' title='bbox 328 2631 559 2694; x_wconf 88' lang='lat' dir='ltr'>Marcia,</span> <span class='ocrx_word' id='word_1_200' title='bbox 592 2633 827 2685; x_wconf 89' lang='lat' dir='ltr'>sacrifico</span> <span class='ocrx_word' id='word_1_201' title='bbox 859 2633 1144 2685; x_wconf 89' lang='lat' dir='ltr'>deductum</span> <span class='ocrx_word' id='word_1_202' title='bbox 1173 2651 1365 2685; x_wconf 82' lang='lat' dir='ltr'>nornen</span> <span class='ocrx_word' id='word_1_203' title='bbox 1397 2634 1463 2685; x_wconf 94' lang='lat' dir='ltr'>ab</span> <span class='ocrx_word' id='word_1_204' title='bbox 1494 2634 1666 2696; x_wconf 86' lang='lat' dir='ltr'>AncO,</span> 
     </span>
     <span class='ocr_line' id='line_1_30' title="bbox 399 2703 1461 2773; baseline 0.002 -19"><span class='ocrx_word' id='word_1_205' title='bbox 399 2703 454 2754; x_wconf 92' lang='lat' dir='ltr'>in</span> <span class='ocrx_word' id='word_1_206' title='bbox 486 2721 592 2771; x_wconf 88' lang='lat' dir='ltr'>qua</span> <span class='ocrx_word' id='word_1_207' title='bbox 622 2722 718 2773; x_wconf 90' lang='lat' dir='ltr'>par</span> <span class='ocrx_word' id='word_1_208' title='bbox 747 2703 908 2756; x_wconf 89' lang='lat' dir='ltr'>facies</span> <span class='ocrx_word' id='word_1_209' title='bbox 939 2704 1209 2756; x_wconf 89' lang='lat' dir='ltr'>nobilitate</span> <span class='ocrx_word' id='word_1_210' title='bbox 1240 2724 1337 2756; x_wconf 91' lang='lat' dir='ltr'>sua</span> <span class='ocrx_word' id='word_1_211' title='bbox 1366 2714 1461 2765; x_wconf 89' lang='lat' dir='ltr'>est,</span> 
     </span>
     <span class='ocr_line' id='line_1_31' title="bbox 213 2743 1740 2844; baseline -0.001 -16"><span class='ocrx_word' id='word_1_212' title='bbox 213 2788 297 2828; x_wconf 82' lang='lat'>805</span> <span class='ocrx_word' id='word_1_213' title='bbox 327 2788 470 2843; x_wconf 85' lang='lat' dir='ltr'>par</span> <span class='ocrx_word' id='word_1_214' title='bbox 455 2774 629 2826; x_wconf 89' lang='lat' dir='ltr'>animo</span> <span class='ocrx_word' id='word_1_215' title='bbox 662 2792 872 2843; x_wconf 90' lang='lat' dir='ltr'>quoque</span> <span class='ocrx_word' id='word_1_216' title='bbox 902 2775 1073 2827; x_wconf 88' lang='lat' dir='ltr'>forma</span> <span class='ocrx_word' id='word_1_217' title='bbox 1104 2793 1198 2827; x_wconf 87' lang='lat' dir='ltr'>suo</span> <span class='ocrx_word' id='word_1_218' title='bbox 1229 2743 1534 2844; x_wconf 87' lang='lat' dir='ltr'>respondet.</span> <span class='ocrx_word' id='word_1_219' title='bbox 1566 2774 1621 2827; x_wconf 90' lang='lat' dir='ltr'>in</span> <span class='ocrx_word' id='word_1_220' title='bbox 1650 2775 1740 2828; x_wconf 87' lang='lat' dir='ltr'>illa</span> 
     </span>
     <span class='ocr_line' id='line_1_32' title="bbox 400 2845 1562 2915; baseline 0.001 -18"><span class='ocrx_word' id='word_1_221' title='bbox 400 2853 451 2897; x_wconf 87' lang='lat' dir='ltr'>et</span> <span class='ocrx_word' id='word_1_222' title='bbox 481 2864 650 2914; x_wconf 85' lang='lat' dir='ltr'>genus</span> <span class='ocrx_word' id='word_1_223' title='bbox 683 2854 734 2898; x_wconf 91' lang='lat' dir='ltr'>et</span> <span class='ocrx_word' id='word_1_224' title='bbox 764 2845 971 2898; x_wconf 88' lang='lat' dir='ltr'>facies</span> <span class='ocrx_word' id='word_1_225' title='bbox 956 2846 1334 2915; x_wconf 85' lang='lat' dir='ltr'>mgeniumque</span> <span class='ocrx_word' id='word_1_226' title='bbox 1365 2846 1562 2898; x_wconf 88' lang='lat' dir='ltr'>simul..</span> 
     </span>
     <span class='ocr_line' id='line_1_33' title="bbox 326 2916 1713 2986; baseline 0 -19"><span class='ocrx_word' id='word_1_227' title='bbox 326 2934 425 2968; x_wconf 89' lang='lat' dir='ltr'>nec</span> <span class='ocrx_word' id='word_1_228' title='bbox 457 2916 600 2983; x_wconf 92' lang='lat' dir='ltr'>quod</span> <span class='ocrx_word' id='word_1_229' title='bbox 629 2916 906 2968; x_wconf 90' lang='lat' dir='ltr'>laudamus</span> <span class='ocrx_word' id='word_1_230' title='bbox 938 2916 1187 2979; x_wconf 87' lang='lat' dir='ltr'>formam,</span> <span class='ocrx_word' id='word_1_231' title='bbox 1218 2925 1277 2968; x_wconf 93' lang='lat' dir='ltr'>tu</span> <span class='ocrx_word' id='word_1_232' title='bbox 1307 2925 1460 2986; x_wconf 88' lang='lat' dir='ltr'>turpe</span> <span class='ocrx_word' id='word_1_233' title='bbox 1490 2917 1713 2986; x_wconf 90' lang='lat' dir='ltr'>putaris·</span> 
     </span>
     <span class='ocr_line' id='line_1_34' title="bbox 397 2987 1647 3057; baseline 0 -19"><span class='ocrx_word' id='word_1_234' title='bbox 397 2987 673 3039; x_wconf 88' lang='lat' dir='ltr'>laudamus</span> <span class='ocrx_word' id='word_1_235' title='bbox 706 3006 926 3056; x_wconf 83' lang='lat' dir='ltr'>magnas</span> <span class='ocrx_word' id='word_1_236' title='bbox 957 2987 1056 3040; x_wconf 92' lang='lat' dir='ltr'>hac</span> <span class='ocrx_word' id='word_1_237' title='bbox 1087 3005 1297 3056; x_wconf 89' lang='lat' dir='ltr'>quoque</span> <span class='ocrx_word' id='word_1_238' title='bbox 1327 2997 1474 3057; x_wconf 88' lang='lat' dir='ltr'>parte</span> <span class='ocrx_word' id='word_1_239' title='bbox 1507 2987 1647 3038; x_wconf 78' lang='lat' dir='ltr'>deas·</span> 
     </span>
     <span class='ocr_line' id='line_1_35' title="bbox 325 3055 1627 3126; baseline -0.001 -17"><span class='ocrx_word' id='word_1_240' title='bbox 325 3066 492 3126; x_wconf 87' lang='lat' dir='ltr'>nupta</span> <span class='ocrx_word' id='word_1_241' title='bbox 522 3057 622 3109; x_wconf 86' lang='lat' dir='ltr'>fuit</span> <span class='ocrx_word' id='word_1_242' title='bbox 653 3058 921 3126; x_wconf 90' lang='lat' dir='ltr'>quondam</span> <span class='ocrx_word' id='word_1_243' title='bbox 951 3067 1230 3111; x_wconf 87' lang='lat' dir='ltr'>matertera</span> <span class='ocrx_word' id='word_1_244' title='bbox 1263 3055 1506 3110; x_wconf 83' lang='lat' dir='ltr'>Caesaris</span> <span class='ocrx_word' id='word_1_245' title='bbox 1536 3057 1627 3108; x_wconf 89' lang='lat' dir='ltr'>illi.</span> 
     </span>
     <span class='ocr_line' id='line_1_36' title="bbox 210 3127 1549 3197; baseline -0.002 -15"><span class='ocrx_word' id='word_1_246' title='bbox 210 3142 297 3182; x_wconf 86' lang='lat'>810</span> <span class='ocrx_word' id='word_1_247' title='bbox 400 3146 430 3179; x_wconf 96' lang='lat' dir='ltr'>o</span> <span class='ocrx_word' id='word_1_248' title='bbox 463 3127 713 3190; x_wconf 78' lang='lat' dir='ltr'>de011S,o</span> <span class='ocrx_word' id='word_1_249' title='bbox 747 3146 895 3180; x_wconf 89' lang='lat' dir='ltr'>sacra</span> <span class='ocrx_word' id='word_1_250' title='bbox 924 3128 1120 3181; x_wconf 88' lang='lat' dir='ltr'>femina</span> <span class='ocrx_word' id='word_1_251' title='bbox 1152 3129 1314 3197; x_wconf 82' lang='lat' dir='ltr'>digna</span> <span class='ocrx_word' id='word_1_252' title='bbox 1345 3127 1549 3180; x_wconf 73' lang='lat' dir='ltr'>domol’</span> 
     </span>
     <span class='ocr_line' id='line_1_37' title="bbox 328 3196 1563 3261; baseline 0.001 -12"><span class='ocrx_word' id='word_1_253' title='bbox 328 3197 401 3249; x_wconf 90' lang='lat' dir='ltr'>sic</span> <span class='ocrx_word' id='word_1_254' title='bbox 433 3198 620 3250; x_wconf 78' lang='lat' dir='ltr'>cecinit</span> <span class='ocrx_word' id='word_1_255' title='bbox 652 3196 794 3249; x_wconf 84' lang='lat' dir='ltr'>Clio.</span> <span class='ocrx_word' id='word_1_256' title='bbox 828 3199 1011 3250; x_wconf 90' lang='lat' dir='ltr'>doctae</span> <span class='ocrx_word' id='word_1_257' title='bbox 1043 3217 1310 3250; x_wconf 89' lang='lat' dir='ltr'>assensere</span> <span class='ocrx_word' id='word_1_258' title='bbox 1341 3216 1563 3261; x_wconf 78' lang='lat' dir='ltr'>sororeS,</span> 
     </span>
     <span class='ocr_line' id='line_1_38' title="bbox 402 3268 1439 3337; baseline 0.001 -19"><span class='ocrx_word' id='word_1_259' title='bbox 402 3268 584 3319; x_wconf 89' lang='lat' dir='ltr'>adnuit</span> <span class='ocrx_word' id='word_1_260' title='bbox 613 3268 830 3320; x_wconf 90' lang='lat' dir='ltr'>Alcides</span> <span class='ocrx_word' id='word_1_261' title='bbox 861 3268 1225 3337; x_wconf 89' lang='lat' dir='ltr'>increpuitque</span> <span class='ocrx_word' id='word_1_262' title='bbox 1254 3269 1439 3337; x_wconf 88' lang='lat' dir='ltr'>lyram.</span> 
     </span>
    </p>
   </div>
   <div class='ocr_carea' id='block_1_8' title="bbox 1003 3415 1350 3426">
    <p class='ocr_par' dir='ltr' id='par_1_8' title="bbox 1003 3415 1350 3426">
     <span class='ocr_line' id='line_1_39' title="bbox 1003 3415 1350 3426; baseline 0 480"><span class='ocrx_word' id='word_1_263' title='bbox 1003 3415 1350 3426; x_wconf 95' lang='lat' dir='ltr'> </span> 
     </span>
    </p>
   </div>
   <div class='ocr_carea' id='block_1_9' title="bbox 2116 2063 2158 3906">
    <p class='ocr_par' dir='ltr' id='par_1_9' title="bbox 2116 2063 2158 3906">
     <span class='ocr_line' id='line_1_40' title="bbox 2116 2063 2158 3906; baseline 0 0"><span class='ocrx_word' id='word_1_264' title='bbox 2116 2063 2158 3906; x_wconf 95' lang='lat' dir='ltr'> </span> 
     </span>
    </p>
   </div>
  </div>
 </body>
</html>
