2158 3906
304 289 334 338 1
346 289 370 338 1
379 288 410 339 8
862 298 917 340 Ρ.
952 296 1157 341 OVIDII
1186 294 1456 341 NASONIS

308 418 548 468 quaeque
580 401 741 459 volet,
772 407 885 450 rata
917 398 1042 458 sint,
1074 396 1354 464 ablataque
1384 397 1631 479 prin-cipis
1662 398 1741 451 ira

382 470 635 522 sedibus
621 490 675 520 111
705 468 884 537 patriis
916 468 1003 519 det
1035 466 1163 518 mihi
1192 485 1347 536 posse
1378 468 1525 519 mori.

216 557 276 595 :35
309 550 366 592 ut
398 559 618 609 peragas
650 538 920 599 mandata,
951 537 1105 589 liber:
1138 538 1419 607 culpabere
1450 538 1628 590 forsan

379 610 679 678 ingeniique
710 608 880 660 minor
909 607 1064 661 laude
1095 607 1263 661 ferere
1294 609 1414 661 mei.

308 680 494 732 iudicis
527 679 760 731 officium
790 687 893 740 est,
925 688 983 731 ut
1013 697 1119 741 reS‚
1150 678 1223 731 ita
1252 687 1491 749 tempora
1519 698 1695 732 rerum

379 768 652 817 quaerere:
686 749 923 817 quaesito
953 759 1188 819 tempore
1219 758 1364 802 tutus
1395 750 1512 803 eris·

309 820 539 873 carmina
568 820 884 890 proveniunt
914 820 1087 872 animo
1120 819 1347 873 deducta
1376 839 1584 873 sereno:

215 909 278 946 40
379 891 559 942 nubila
590 900 710 942 sunt
741 890 927 943 subitis
958 900 1196 960 tempora
1224 898 1403 944 nostra
1431 892 1599 943 malis,

311 961 542 1013 carmina
573 979 838 1014 secessum
869 961 1142 1017 scribentis
1174 970 1227 1014 et
1256 962 1363 1014 otia
1391 971 1677 1029 quaerunt:

378 1051 463 1084 me
493 1051 662 1094 mare,
694 1051 778 1084 me
809 1032 976 1095 venti,
1007 1051 1091 1084 me
1122 1032 1234 1084 fera
1264 1032 1424 1084 iactat
1453 1031 1638 1084 hiemS.

310 1103 627 1156 carminibus
659 1112 829 1156 metus
860 1103 1028 1155 omnis
1059 1102 1232 1156 obest:
1264 1121 1364 1173 ego
1394 1103 1628 1173 perditus
1659 1121 1837 1155 ensem

379 1173 663 1226 haesurum
692 1174 875 1243 iugulo
906 1175 1012 1226 iam
1041 1182 1169 1244 puto
1198 1173 1408 1241 iamque
1440 1192 1575 1226 meo·

218 1261 278 1299 45
310 1244 440 1298 haec
470 1262 681 1314 quoque
711 1245 855 1313 quod
884 1244 1021 1298 facio
1030 1283 1044 1307 ‚
1075 1244 1235 1297 iudex
1266 1244 1542 1299 mirabitur
1572 1262 1772 1313 aequus

381 1315 680 1384 scriptaque
711 1334 832 1369 cum
862 1315 1015 1369 venia
1046 1315 1452 1384 qualiacumque
1481 1316 1638 1384 leget.

311 1387 379 1438 da
409 1386 536 1437 mihi
565 1386 889 1439 Maeoniden
921 1396 973 1439 et
1002 1395 1078 1439 tot
1109 1386 1305 1439 circum
1335 1386 1484 1439 obice
1516 1404 1692 1438 casus:

380 1457 654 1526 ingenium
683 1457 841 1510 tantis
872 1457 1079 1510 excidet
1110 1475 1264 1511 omne
1294 1457 1462 1510 malis.

311 1527 537 1596 denique
568 1546 781 1581 securus
812 1527 1009 1591 famae,
1039 1527 1197 1590 liber,
1227 1529 1302 1581 ire
1333 1536 1612 1589 mementO,

219 1614 281 1652 50
381 1616 479 1651 nec
509 1598 605 1650 tibi
635 1599 700 1650 sit
730 1599 865 1651 lecto
897 1598 1224 1668 displicuisse
1254 1599 1440 1669 pudor.

311 1687 417 1721 non
447 1670 520 1721 ita
550 1688 605 1722 se
636 1669 852 1738 praebet
882 1670 1033 1722 nobis
1063 1669 1275 1722 fortuna
1306 1669 1609 1731 secundam,

382 1749 442 1791 ut
471 1739 567 1791 tibi
597 1740 662 1792 sit
694 1740 824 1792 ratio
854 1740 1024 1793 laudis
1055 1740 1299 1793 habenda
1328 1749 1466 1792 tuae.

314 1810 479 1863 donec
510 1829 654 1863 eram
685 1829 890 1880 sospes,
922 1811 1058 1863 tituli
1088 1811 1345 1880 tangebar
1375 1829 1570 1872 amore,

384 1881 775 1949 quaerendique
806 1882 935 1934 mihi
963 1881 1188 1934 nominis
1179 1857 1375 1933 L⁸³·ardoi
1405 1892 1531 1933 erat.

220 1967 281 2004 55
315 1951 546 2003 carmina
575 1971 716 2005 nunc
747 1953 791 2004 si
820 1971 927 2004 non
957 1952 1319 2019 studiumque,
1350 1952 1493 2020 quod
1524 1951 1700 2014 offuit,
1733 1950 1838 2013 odi,

384 2023 449 2074 sit
479 2022 620 2075 satis.
694 2023 906 2092 ingenio
939 2023 1014 2076 sic
1042 2023 1173 2092 fuga
1202 2031 1354 2092 parta
1382 2041 1500 2076 meo
1532 2032 1626 2074 est.

311 2093 331 2145 i
361 2109 537 2146 tamen
569 2103 620 2147 et
650 2112 744 2163 pro
775 2113 860 2147 me
891 2104 973 2157 tu,
1006 2094 1092 2147 cui
1120 2094 1266 2156 licet,
1298 2094 1473 2163 aspice
1504 2093 1752 2146 Romam:

385 2164 437 2216 di
467 2164 724 2226 facerent,
755 2183 965 2234 possem
994 2183 1135 2218 nunc
1164 2184 1313 2219 meus
1346 2184 1460 2218 esse
1488 2164 1644 2217 liber!

313 2254 410 2288 nec
441 2244 514 2297 te,
546 2235 690 2303 quod
720 2236 899 2288 venias
929 2255 1184 2318 magnam
1209 2235 1518 2306 peregrinus
1548 2235 1604 2287 in
1631 2235 1837 2299 urbem,

222 2321 282 2359 (30
383 2306 626 2375 ignotum
655 2307 851 2389 populo
881 2325 1035 2376 posse
1066 2306 1244 2360 venire
1275 2316 1419 2376 puta.

314 2386 374 2428 ut
403 2377 554 2428 titulo
585 2395 786 2429 careas:
818 2378 933 2446 ipso
964 2395 1179 2430 noscere
1210 2378 1398 2430 colore.

387 2447 714 2500 dissimulare
745 2448 898 2500 velis:
930 2457 982 2500 te
1012 2448 1176 2516 liquet
1206 2467 1320 2500 esse
1350 2467 1543 2501 meum.

316 2518 451 2570 clam
481 2528 658 2571 tamen
687 2518 901 2581 intratO,
932 2537 998 2570 ne
1030 2528 1080 2571 te
1110 2537 1228 2571 mea
1258 2519 1489 2570 carmina
1517 2518 1751 2571 laedant:

283 2638 285 2640 .
386 2606 491 2640 non
523 2598 670 2650 sunt,
699 2598 758 2641 ut
789 2589 1265 2658 quondam,.plena
1293 2589 1515 2650 favoriS‚
1548 2599 1710 2641 erant.

226 2674 284 2712 65
318 2659 362 2711 si
392 2659 509 2727 quis
542 2659 662 2722 erit,
694 2660 786 2728 qui
816 2669 891 2722 te,
923 2660 1046 2741 quia
1076 2660 1145 2712 sis
1177 2679 1349 2721 merle,
1382 2679 1495 2713 esse
1525 2660 1810 2729 legendum

387 2748 493 2782 non
522 2738 697 2799 putet,
729 2749 758 2783 e
787 2731 987 2800 gremio
1018 2731 1342 2800 proiciatque
1373 2749 1486 2793 su0,

318 2800 564 2877 ‘inspice'
597 2800 680 2853 dic
711 2801 969 2853 ‘titulumz
1001 2819 1107 2853 non
1138 2821 1256 2853 sum
1285 2810 1593 2870 praeceptor
1623 2801 1832 2854 amoris·

388 2889 519 2939 quas
538 2868 763 2934 meluit,
794 2890 990 2941 poenas
1021 2872 1126 2924 iam
1157 2872 1300 2925 dedit
1327 2872 1458 2924 illud
1488 2872 1653 2941 opus?

317 2941 536 2995 forsitan
567 2951 837 3012 expectaS‚
869 2962 937 2994 an
965 2943 1020 2995 in
1051 2943 1158 2995 alta
1186 2943 1395 2995 Palatia
1425 2942 1643 2995 missum

230 3028 287 3066 '70
390 3013 641 3066 scandere
672 3023 723 3066 te
754 3013 966 3067 iubeam
1000 3012 1423 3082 Caesareamque
1454 3013 1699 3065 domum?

317 3083 595 3152 ignoscant
625 3094 851 3153 augusta
882 3085 1009 3137 mihi
1040 3086 1156 3137 loca
1186 3084 1343 3152 dique
1373 3085 1632 3137 locorum:

389 3154 533 3206 venit
563 3154 617 3206 in
647 3155 746 3207 hoc
774 3155 864 3207 illa
894 3155 1094 3207 fulmen
1124 3155 1191 3206 ab
1223 3173 1341 3207 arce
1373 3164 1546 3224 caput.

321 3243 434 3277 esse
465 3225 678 3291 quidem
709 3225 922 3277 memini
951 3225 1225 3277 mitissima
1256 3225 1466 3277 sedibus
1498 3225 1599 3276 illis

390 3295 630 3346 numina:
664 3295 757 3347 sed
787 3296 967 3357 time0,
999 3295 1090 3362 qui
1119 3313 1370 3356 nocuere,
1402 3295 1544 3347 deos,

236 3383 289 3420 75
322 3375 543 3432 terretur
574 3365 789 3417 minimo
821 3365 1010 3434 pinnae
1042 3365 1259 3417 stridore
1292 3365 1536 3418 columba

394 3436 685 3506 unguibUS,
718 3436 986 3505 accipiter,
1019 3436 1195 3488 saucia
1226 3435 1364 3488 facta
1395 3436 1512 3488 tuis,
