2158 3906
553 277 902 325 FASTORUM
931 276 1052 322 LIB.
1083 276 1120 321 1.
1154 275 1395 321 208—294.

27 382 33 439 ἶ
105 371 118 396 ”
196 382 372 438 nullus
403 384 515 435 erat
544 379 693 432 iustis
725 379 944 432 reddere
975 379 1090 431 iura
1120 377 1283 430 labor.

111 455 202 510 nil
229 452 358 507 mihi
389 470 509 506 cum
540 451 703 512 bello;
735 468 921 520 pacem
951 459 1234 520 postesque
1264 447 1499 500 tuebar:'

200 534 252 578 et
281 524 484 578 clavem
514 521 795 575 ostendens
827 520 1003 574 ‘haec'
1036 520 1108 572 ait
1140 525 1311 571 ‘arma
1339 517 1500 589 gero!
1531 547 1606 556 —-

126 604 389 668 presserat
417 611 509 646 ora
540 592 686 645 deus.
759 600 886 644 tunc
915 591 991 644 sic
1022 610 1121 660 ego
1151 599 1331 643 nostra
1360 588 1570 652 resolvi,

200 683 328 719 voce
358 682 476 718 mea
506 681 661 716 voces
693 661 932 716 eliciente
964 661 1073 715 dei:

127 742 279 792 ‘cum
309 743 387 789 tot
417 734 520 787 sint
550 733 691 796 Iani,
723 752 817 786 cur
847 742 953 785 stas
984 741 1219 784 sacratus
1249 732 1302 784 in
1334 749 1460 792 un0,

199 806 284 860 hic
314 805 406 859 ubi
436 805 614 858 iuncta
644 804 770 857 foris
802 804 996 874 templa
1028 803 1235 855 duobus
1266 801 1488 855 habesP'

65 866 72 875 ’
126 878 216 932 ille
246 895 407 930 manu
437 876 673 929 mulcens
704 893 995 945 propexam
1025 874 1092 926 ad
1160 882 1337 927 ectora
1367 872 1588 925 barbam

200 947 439 1019 protinus
471 946 684 1000 Oebalii
719 946 919 999 rettulit
949 964 1096 998 arma
1177 943 1265 1006 ati,

127 1028 294 1088 utque
324 1018 454 1073 levis
486 1026 685 1079 custos,
717 1017 931 1070 armillis
962 1026 1139 1086 capta,
1172 1014 1401 1069 Sabinos

203 1090 270 1143 ad
301 1107 536 1142 summae
568 1088 752 1141 tacitos
783 1087 994 1140 duxerit
1023 1086 1156 1139 arcis
1187 1085 1301 1139 iter.

127 1161 301 1223 ‘inde,
333 1160 478 1212 velut
507 1177 647 1211 nunc
679 1169 780 1221 est,
812 1177 906 1228 per
935 1175 1094 1226 quem
1125 1155 1482 1217 descenditis,'
1514 1154 1687 1223 inquit

202 1230 423 1284 ‘arduus
452 1230 506 1282 in
537 1229 699 1282 valles
730 1238 782 1281 et
812 1229 926 1280 fora
956 1228 1122 1279 clivus
1155 1236 1282 1278 erat.

125 1310 185 1357 et
211 1301 318 1355 iam
348 1300 675 1370 contigerant
705 1308 935 1368 portam,
969 1296 1218 1351 Saturnia
1248 1296 1398 1348 cuius

201 1371 498 1441 dempserat
529 1369 794 1441 oppositas
824 1368 1083 1420 invidiosa
1113 1386 1272 1427 seras,

124 1461 249 1498 cum
280 1450 426 1496 tanto
457 1440 653 1494 veritus
684 1439 1009 1493 committere
1039 1437 1253 1491 numine
1285 1455 1526 1508 pugnam

199 1513 312 1585 ipse
343 1530 491 1565 meae
521 1511 662 1564 movi
693 1510 911 1564 callidus
943 1509 1067 1562 artis
1099 1526 1249 1579 opus,

125 1601 344 1654 oraque,
374 1600 481 1653 qua
511 1582 712 1653 pollens
743 1599 842 1652 ope
874 1600 1014 1644 sum,
1045 1580 1262 1633 fontana
1291 1578 1499 1641 reclusi,

201 1672 424 1724 sumque
454 1652 754 1724 repentinas
784 1652 1073 1705 eiaculatus
1104 1668 1286 1719 aquas.

125 1734 252 1780 ant-e
281 1734 458 1779 tamen
486 1723 711 1778 madidis
742 1723 939 1776 subieci
973 1722 1227 1792 sulphura
1257 1720 1422 1783 venis,

203 1795 470 1850 clauderet
500 1804 559 1848 ut
588 1794 744 1848 Tatio
774 1793 1008 1848 fervidus
1039 1812 1191 1845 umor
1222 1792 1334 1844 iter.

126 1867 279 1922 cuius
311 1881 370 1920 ut
399 1866 596 1920 utilitas
620 1866 790 1937 ,pulsis
828 1876 1078 1948 percepta
1110 1863 1341 1924 Sabinis,

202 1957 337 2008 quae
368 1937 564 2000 fuerat,
595 1947 709 1990 tuto
740 1936 944 1990 reddita
974 1938 1144 1988 torma
1174 1935 1287 1987 loco
1321 1943 1415 1986 est.

99 2008 223 2066 'ara
251 2007 382 2062 mihi
483 2008 583 2062 sita
613 2018 691 2061 est
720 2026 884 2078 parvo
917 2007 1198 2060 coniuncta
1228 2005 1444 2059 sacello:

202 2080 335 2134 haec
364 2099 395 2133 a
435 2079 538 2133 olet
567 2079 792 2132 flammis
825 2097 944 2132 cum
977 2088 1119 2130 strue
1151 2076 1292 2129 sarra
1323 2075 1466 2128 suis.‘
1499 2104 1574 2117 —-

102 2158 211 2214 z‘at
241 2169 335 2205 cur
363 2168 494 2222 pace
523 2150 654 2203 lates
685 2149 945 2217 motisque
975 2147 1260 2201 recluderis
1292 2146 1506 2198 armis?'

201 2240 300 2276 nec
329 2239 500 2284 mora,
531 2221 755 2289 quaesiti
784 2220 988 2273 reddita
1019 2238 1178 2272 causa
1209 2217 1337 2270 mihi
1369 2226 1470 2269 est:

123 2300 148 2342 ‚⁴
159 2302 216 2348 ut
246 2293 441 2364 populo
472 2292 671 2346 reditus
702 2301 916 2362 pateant
947 2291 1014 2342 ad
1045 2290 1183 2343 bella
1213 2282 1467 2359 profectO,

202 2374 312 2418 tota
342 2372 487 2434 patet
516 2362 732 2433 dempta
759 2362 918 2414 ianua
948 2371 1127 2413 nostra
1158 2379 1291 2413 sera.

127 2453 262 2507 pace
291 2434 432 2488 fores
463 2434 626 2497 obd0‚
658 2453 723 2487 ne
754 2451 859 2502 qua
890 2432 1158 2485 discedere
1191 2431 1381 2501 possit:

205 2505 572 2575 Caesareoque
605 2505 695 2558 diu
724 2505 938 2557 numine
970 2504 1180 2556 clausus
1212 2502 1335 2555 ero.’

127 2577 289 2640 dixit,
321 2588 372 2630 et
401 2576 643 2630 attollens
673 2577 852 2628 oculos
884 2575 1091 2627 diversa
1122 2573 1360 2626 videntes

204 2648 430 2718 aspexit,
461 2656 569 2700 toto
601 2646 853 2715 quicquid
882 2646 934 2698 in
966 2646 1092 2698 orbe
1123 2644 1239 2696 fuit.

128 2738 239 2790 pax
269 2729 396 2772 erat.
472 2726 546 2779 et,
577 2718 759 2779 vestri,
793 2716 1135 2778 Germanice,
1167 2734 1326 2767 causa
1357 2714 1625 2785 triumphi,

205 2789 490 2843 tradiderat
521 2788 747 2841 famulas
777 2788 883 2840 iam
913 2788 1007 2840 tibi
1038 2787 1256 2840 Rhenus
1288 2804 1469 2853 aquaS.

132 2861 287 2923 Iane,
319 2860 405 2915 fac
436 2869 674 2912 aeternos
705 2877 890 2928 pacem
921 2858 1169 2928 pacisque
1200 2857 1482 2918 ministros,

206 2949 340 2984 neve
371 2949 543 2993 suum,
574 2941 807 3000 praesta,
840 2929 1044 2982 deserat
1078 2938 1261 2980 auctor
1290 2945 1439 2996 opuS.
1470 2956 1542 2964 —-

129 3002 279 3071 quod
308 3011 485 3055 tamen
517 3020 582 3054 ex
611 3001 737 3071 ipsis
768 3000 914 3052 licuit
945 2999 1072 3051 mihi
1104 2998 1303 3051 discere
1334 2998 1500 3060 fastiS,

209 3091 481 3126 sacravere
512 3081 686 3142 pat-res
717 3071 816 3124 hac
847 3071 951 3123 duo
982 3070 1179 3140 templa
1209 3068 1310 3122 die.

134 3143 341 3214 accepit
369 3142 590 3196 Phoebo
621 3142 960 3212 nymphaque
995 3139 1261 3194 Coronide
1291 3150 1475 3191 natum

210 3214 414 3277 Insula,
447 3213 664 3266 dividua
694 3232 853 3282 quam
883 3213 1073 3283 premit
1103 3211 1271 3263 amnis
1304 3229 1461 3278 aqua.

139 3284 378 3367 Iuppiter
406 3285 460 3338 in
489 3295 637 3355 parte
668 3295 769 3338 est:
802 3284 940 3354 cepit
970 3284 1115 3336 locus
1146 3301 1283 3334 unus
1314 3293 1618 3350 utrumque,

211 3366 492 3426 iunctaque
524 3366 644 3409 sunt
676 3373 870 3426 magno
901 3355 1096 3425 templa
1125 3354 1332 3424 nepotis
1366 3371 1482 3405 avo·

1871 604 1955 643 255

1872 958 1958 998 260

1873 1311 1957 1350 265

1875 1666 1960 1706 270

1875 2017 1959 2061 275

1876 2376 1961 2415 280

1874 2731 1959 2769 285

1877 3084 1964 3123 290
