2158 3906
421 406 511 452 Ex
539 407 756 455 PONTO
786 406 910 453 Lm.
941 406 1025 453 lv.
1058 405 1168 464 vn,
1197 406 1444 464 39-vl11‚
1476 407 1544 451 το.
1734 396 1841 450 277

129 509 421 581 quamlibet
451 509 646 580 exigua
676 510 720 562 si
749 527 845 563 nos
876 529 941 564 ea
968 508 1159 563 iuverit
1187 528 1333 572 aura,

202 581 392 634 obruta
422 579 487 634 de
517 580 702 633 mediis
733 581 926 634 cumba
955 589 1195 650 resurget
1224 580 1392 649 aquis.

129 659 256 706 tunc
286 668 387 721 ego
418 659 536 704 tura
565 650 730 704 feram
762 651 958 721 rapidis
991 650 1262 704 sollemnia
1290 651 1514 704 flammis

202 731 277 785 et,
311 721 520 775 valeant
551 731 807 790 quantum
837 721 1079 783 numina,
1110 722 1257 774 testis
1289 740 1394 776 ero.
1870 738 1931 778 30

129 811 229 848 neo
258 791 353 846 tibi
383 791 449 846 de
477 791 638 846 Pario
670 801 926 855 statuam,
958 790 1301 856 Germanice,
1332 793 1588 863 templum

66 919 67 922 ,
200 881 483 917 marmore:
516 861 710 933 carpsit
740 881 868 933 opes
897 863 987 916 illa
1015 863 1170 916 ruina
1198 881 1358 917 meas.

129 942 233 990 tem
275 934 327 988 la
357 934 544 987 domus
574 933 769 988 facient
799 933 949 987 vobis
980 933 1245 1003 urbesque
1276 934 1486 988 beatae:

254 1022 345 1059 aso
377 1004 485 1058 suis
516 1004 730 1076 opibus,
761 1004 1015 1067 carmine,
1046 1014 1229 1087 gratus
1261 1005 1373 1059 erit.

128 1094 293 1148 parva
322 1075 537 1145 quidem
566 1075 736 1130 fateor
763 1094 860 1147 pro
890 1094 1097 1146 magms
1128 1094 1348 1130 munera
1375 1075 1544 1139 reddi,
1870 1092 1928 1131 35

102 1199 105 1202 .
200 1164 323 1201 cum
352 1164 448 1218 pro
479 1164 729 1201 concessa
759 1147 922 1200 verba
952 1147 1120 1200 salute
1151 1146 1355 1200 damus.

129 1217 223 1272 sed
253 1217 345 1287 qui
374 1235 536 1287 quam
564 1217 735 1288 potuit
765 1217 855 1271 dat
884 1218 1139 1281 maxima,
1170 1227 1353 1288 gratus
1385 1217 1595 1271 abunde
1626 1227 1723 1280 est,

201 1297 254 1370 ej:
282 1288 442 1343 finem
508 1288 640 1343 ietas
671 1288 891 1359 contigit
918 1288 1010 1342 illa
1039 1307 1212 1341 suum.

127 1377 250 1423 nec,
280 1377 417 1429 quae
485 1378 515 1413 e
544 1378 708 1431 parva
775 1378 940 1430 auper
969 1359 1050 1412 dis
1078 1358 1210 1411 libat
1239 1377 1437 1422 acerra,

201 1439 321 1484 tura
350 1429 550 1494 minus,
579 1378 772 1501 grandi)
798 1448 959 1499 quam
990 1430 1113 1483 data
1143 1430 1319 1493 lance,
1350 1431 1543 1483 valent.
1870 1447 1929 1486 4ο

129 1519 374 1573 agnaque
404 1510 514 1556 tam
542 1502 765 1564 lactens,
798 1518 958 1570 quam
986 1500 1226 1570 gramine
1257 1510 1409 1571 pasta
1436 1500 1645 1554 Falisco

200 1572 414 1627 victima
443 1572 699 1642 Tarpeios
729 1570 895 1625 inficit
923 1570 1028 1624 icta
1054 1571 1218 1624 focos.

127 1661 227 1699 nec
255 1652 432 1696 tamen
462 1642 638 1696 officio
668 1651 848 1695 vatum
874 1660 973 1724 per
1002 1641 1236 1695 carmina
1263 1641 1404 1695 facto

198 1713 528 1786 principibus
556 1731 640 1767 res
671 1723 752 1767 est
780 1723 952 1783 aptior
981 1712 1089 1765 ulla
1119 1712 1259 1765 viris.

129 1785 363 1840 carmina
392 1793 686 1840 vestrarum
714 1793 978 1855 peragunt
1005 1782 1288 1854 praeconia
1316 1783 1555 1848 laudum,
1871 1800 1928 1839 45

199 1875 334 1911 neve
364 1854 430 1909 sit
460 1864 698 1910 actorum
727 1855 872 1909 fama
900 1853 1125 1917 caduca,
1157 1864 1367 1908 cavent:

62 1979 66 1987 ,
129 1927 361 1983 carmine
390 1925 449 1980 fit
478 1925 637 1980 vivax
667 1925 858 1988 virtus,
891 1943 1184 1996 expersque
1216 1925 1444 1995 sepulcri

199 1997 439 2052 notitiam
470 2015 618 2052 serae
647 1996 965 2067 posteritatis
997 1995 1173 2049 habet.

129 2068 312 2124 tabida
341 2066 600 2122 consumit
629 2067 829 2121 ferrum
857 2066 1193 2137 lapidemque
1223 2075 1477 2129 vetustas,

66 2151 67 2154 ’
199 2139 451 2208 nullaque
481 2157 564 2193 res
595 2139 765 2191 maius
795 2147 1031 2208 tempore
1060 2138 1223 2191 robur
1252 2136 1434 2190 habet:
1871 2155 1933 2195 50

129 2211 325 2282 scripta
354 2210 533 2265 ferunt
562 2227 727 2263 annos
736 2229 751 2273 3
783 2208 989 2279 scriptis
1019 2208 1430 2279 Agamemnona
1460 2209 1616 2272 nosti,

201 2291 254 2335 et
283 2279 521 2350 quisquis
552 2290 733 2334 contra
762 2280 847 2333 vel
878 2279 1031 2332 simul
1065 2298 1212 2332 arma
1240 2278 1374 2331 tulit.

130 2353 248 2422 quis
278 2351 493 2406 Thebas
525 2361 830 2422 septemque
861 2350 1021 2404 duces
1054 2351 1165 2403 sine
1196 2349 1428 2403 carmine
1459 2359 1653 2412 nosset,

202 2432 254 2477 et
283 2421 534 2492 quicquid
563 2431 683 2492 post
711 2421 1151 2490 haec,·quicquid
1182 2430 1234 2474 et
1263 2430 1385 2474 ante
1415 2420 1547 2473 fuit?

130 2493 184 2548 di
214 2511 425 2564 quoque
456 2492 801 2556 carminibus,
833 2493 878 2545 si
906 2492 988 2545 fas
1019 2503 1099 2545 est
1129 2492 1329 2554 dicere,
1359 2491 1511 2555 fiunt,
1872 2510 1931 2547 55

0 2612 4 2623 .
61 2631 64 2634 ,
201 2574 452 2633 tantaque
480 2563 727 2618 maiestas
758 2581 847 2617 ore
878 2562 1113 2633 canentis
1144 2573 1282 2633 eget.

1 2688 5 2706 ,
53 2642 65 2702 J
130 2635 206 2691 sic
238 2634 416 2689 Chaos
446 2654 513 2690 ex
541 2635 633 2689 illa
659 2644 879 2689 naturae
907 2634 1047 2687 mole
1076 2633 1265 2704 prioris

22 2705 57 2770 ,’,
203 2706 467 2776 digestum
495 2714 671 2777 partes
703 2705 897 2758 scimus
928 2705 1124 2758 habere
1154 2724 1300 2758 suas:

131 2777 207 2832 sic
239 2776 563 2830 adfectantes
594 2776 840 2830 caelestia
867 2794 1034 2857 regna
1064 2773 1326 2845 Gigantes

0 2902 4 2908 ,
203 2848 272 2902 ad
303 2846 475 2919 Styga
502 2846 782 2900 nimbifero
812 2845 1034 2899 vind1cis
1064 2846 1188 2915 igne
1220 2846 1395 2899 datos:
1872 2863 1929 2902 60

0 2961 4 2968 .
46 2965 54 2975 ,.
131 2919 208 2973 sic
237 2918 405 2972 victor
433 2917 646 2972 laudem
676 2917 933 2986 superatis
964 2915 1131 2969 Liber
1160 2915 1228 2969 ab
1258 2916 1424 2978 Indis,

202 2988 422 3044 Alcides
452 2997 607 3059 capta
635 2987 793 3041 traxit
823 2987 892 3040 ab
923 2985 1198 3040 Oechalia.

133 3070 186 3116 et
214 3060 371 3113 modo
381 3099 396 3124 ,
429 3057 653 3122 Caesar,
684 3077 868 3121 avum,
900 3076 1059 3127 quem
1090 3057 1255 3110 virtus
1285 3055 1488 3110 addidit
1517 3056 1688 3121 astriS,

204 3139 476 3186 sacrarunt
505 3130 683 3199 aliqua
711 3129 944 3183 carmina
972 3137 1120 3199 parte
1149 3137 1317 3181 tuum.
1374 3147 1378 3149 ·

133 3201 180 3256 si
207 3201 337 3272 quid
366 3201 540 3256 adhuc
568 3201 730 3271 igitur
758 3200 888 3262 vivi,
920 3197 1265 3263 Germanice,
1293 3208 1474 3252 nostro
1871 3217 1927 3255 65

3 3338 8 3346 ‚
58 3331 61 3334 Α
203 3281 367 3327 restat
394 3272 450 3325 in
478 3272 718 3343 ingeniO,
750 3271 941 3325 serviet
970 3289 1125 3324 omne
1155 3269 1269 3323 tibi.

60 3347 61 3351 ’
132 3361 241 3398 non
306 3352 419 3399 otes
447 3342 682 3396 officium
712 3342 848 3396 vatis
878 3351 1212 3396 contemnere
1241 3350 1413 3396 vates:

204 3414 260 3468 iu
299 3414 400 3468 icio
429 3414 659 3485 pretium
686 3432 771 3468 res
800 3413 961 3467 habet
989 3413 1091 3466 ista
1120 3422 1228 3466 tuo.

133 3484 279 3555 quod
307 3484 409 3538 nisi
438 3494 490 3538 te
519 3502 712 3538 nomen
743 3494 950 3538 tantum
981 3484 1048 3537 ad
1079 3484 1278 3537 maiora
1307 3492 1565 3547 vocasset,

204 3555 374 3626 gloria
403 3554 677 3610 Pieridum
708 3555 1154 3610 summa-futurus
1185 3574 1316 3609 eras.
1875 3573 1929 3610 70
