<?xml version="1.0" encoding="UTF-8"?>
<!DOCTYPE html PUBLIC "-//W3C//DTD XHTML 1.0 Transitional//EN"
    "http://www.w3.org/TR/xhtml1/DTD/xhtml1-transitional.dtd">
<html xmlns="http://www.w3.org/1999/xhtml" xml:lang="en" lang="en">
 <head>
  <title>
</title>
<meta http-equiv="Content-Type" content="text/html;charset=utf-8" />
  <meta name='ocr-system' content='tesseract 3.04.00' />
  <meta name='ocr-capabilities' content='ocr_page ocr_carea ocr_par ocr_line ocrx_word'/>
</head>
<body>
  <div class='ocr_page' id='page_1' title='image "./carminaov03oviduoft_0290.png"; bbox 0 0 2158 3906; ppageno 0'>
   <div class='ocr_carea' id='block_1_1' title="bbox 298 751 352 788">
    <p class='ocr_par' dir='ltr' id='par_1_1' title="bbox 298 751 352 788">
     <span class='ocr_line' id='line_1_1' title="bbox 298 751 352 788; baseline 0 0"><span class='ocrx_word' id='word_1_1' title='bbox 298 751 352 788; x_wconf 84' lang='lat'>45</span> 
     </span>
    </p>
   </div>
   <div class='ocr_carea' id='block_1_2' title="bbox 298 1105 353 1144">
    <p class='ocr_par' dir='ltr' id='par_1_2' title="bbox 298 1105 353 1144">
     <span class='ocr_line' id='line_1_2' title="bbox 298 1105 353 1144; baseline 0.018 -1"><span class='ocrx_word' id='word_1_2' title='bbox 298 1105 353 1144; x_wconf 83' lang='lat'>50</span> 
     </span>
    </p>
   </div>
   <div class='ocr_carea' id='block_1_3' title="bbox 297 1460 351 1497">
    <p class='ocr_par' dir='ltr' id='par_1_3' title="bbox 297 1460 351 1497">
     <span class='ocr_line' id='line_1_3' title="bbox 297 1460 351 1497; baseline 0 0"><span class='ocrx_word' id='word_1_3' title='bbox 297 1460 351 1497; x_wconf 80' lang='lat'>55</span> 
     </span>
    </p>
   </div>
   <div class='ocr_carea' id='block_1_4' title="bbox 298 1812 352 1851">
    <p class='ocr_par' dir='ltr' id='par_1_4' title="bbox 298 1812 352 1851">
     <span class='ocr_line' id='line_1_4' title="bbox 298 1812 352 1851; baseline 0.019 -1"><span class='ocrx_word' id='word_1_4' title='bbox 298 1812 352 1851; x_wconf 88' lang='grc'>60</span> 
     </span>
    </p>
   </div>
   <div class='ocr_carea' id='block_1_5' title="bbox 296 2167 349 2205">
    <p class='ocr_par' dir='ltr' id='par_1_5' title="bbox 296 2167 349 2205">
     <span class='ocr_line' id='line_1_5' title="bbox 296 2167 349 2205; baseline 0 0"><span class='ocrx_word' id='word_1_5' title='bbox 296 2167 349 2205; x_wconf 83' lang='lat'>65</span> 
     </span>
    </p>
   </div>
   <div class='ocr_carea' id='block_1_6' title="bbox 299 2522 353 2560">
    <p class='ocr_par' dir='ltr' id='par_1_6' title="bbox 299 2522 353 2560">
     <span class='ocr_line' id='line_1_6' title="bbox 299 2522 353 2560; baseline 0 0"><span class='ocrx_word' id='word_1_6' title='bbox 299 2522 353 2560; x_wconf 82' lang='lat'>70</span> 
     </span>
    </p>
   </div>
   <div class='ocr_carea' id='block_1_7' title="bbox 296 2875 348 2912">
    <p class='ocr_par' dir='ltr' id='par_1_7' title="bbox 296 2875 348 2912">
     <span class='ocr_line' id='line_1_7' title="bbox 296 2875 348 2912; baseline -0.019 0"><span class='ocrx_word' id='word_1_7' title='bbox 296 2875 348 2912; x_wconf 77' lang='lat'>75</span> 
     </span>
    </p>
   </div>
   <div class='ocr_carea' id='block_1_8' title="bbox 294 3227 348 3265">
    <p class='ocr_par' dir='ltr' id='par_1_8' title="bbox 294 3227 348 3265">
     <span class='ocr_line' id='line_1_8' title="bbox 294 3227 348 3265; baseline 0 0"><span class='ocrx_word' id='word_1_8' title='bbox 294 3227 348 3265; x_wconf 91' lang='grc'>80</span> 
     </span>
    </p>
   </div>
   <div class='ocr_carea' id='block_1_9' title="bbox 378 336 1535 393">
    <p class='ocr_par' dir='ltr' id='par_1_9' title="bbox 378 336 1535 393">
     <span class='ocr_line' id='line_1_9' title="bbox 378 336 1535 393; baseline 0.002 -2"><span class='ocrx_word' id='word_1_9' title='bbox 378 336 483 391; x_wconf 80' lang='grc'>252</span> <span class='ocrx_word' id='word_1_10' title='bbox 932 345 987 388; x_wconf 91' lang='grc' dir='ltr'>Ρ.</span> <span class='ocrx_word' id='word_1_11' title='bbox 1026 345 1234 391; x_wconf 87' lang='lat' dir='ltr'>OVIDH</span> <span class='ocrx_word' id='word_1_12' title='bbox 1262 345 1535 393; x_wconf 87' lang='lat' dir='ltr'><strong>NASONIS</strong></span> 
     </span>
    </p>
   </div>
   <div class='ocr_carea' id='block_1_10' title="bbox 379 446 1922 3561">
    <p class='ocr_par' dir='ltr' id='par_1_10' title="bbox 383 446 1667 587">
     <span class='ocr_line' id='line_1_10' title="bbox 383 446 1667 519; baseline -0.001 -16"><span class='ocrx_word' id='word_1_13' title='bbox 383 460 546 519; x_wconf 87' lang='lat' dir='ltr'>utque</span> <span class='ocrx_word' id='word_1_14' title='bbox 576 449 757 500; x_wconf 84' lang='lat' dir='ltr'>iuvent</span> <span class='ocrx_word' id='word_1_15' title='bbox 789 447 901 509; x_wconf 88' lang='lat' dir='ltr'>alii,</span> <span class='ocrx_word' id='word_1_16' title='bbox 932 455 991 498; x_wconf 86' lang='lat' dir='ltr'>tu</span> <span class='ocrx_word' id='word_1_17' title='bbox 1022 446 1182 499; x_wconf 91' lang='lat' dir='ltr'>debes</span> <span class='ocrx_word' id='word_1_18' title='bbox 1214 447 1423 501; x_wconf 90' lang='lat' dir='ltr'>vincere</span> <span class='ocrx_word' id='word_1_19' title='bbox 1455 449 1667 512; x_wconf 79' lang='lat' dir='ltr'>amicOS‚</span> 
     </span>
     <span class='ocr_line' id='line_1_11' title="bbox 455 517 1562 587; baseline 0 -15"><span class='ocrx_word' id='word_1_20' title='bbox 455 538 612 581; x_wconf 89' lang='lat' dir='ltr'>uxor,</span> <span class='ocrx_word' id='word_1_21' title='bbox 646 528 696 570; x_wconf 91' lang='lat' dir='ltr'>et</span> <span class='ocrx_word' id='word_1_22' title='bbox 726 517 794 569; x_wconf 87' lang='lat' dir='ltr'>ad</span> <span class='ocrx_word' id='word_1_23' title='bbox 824 517 988 586; x_wconf 87' lang='lat' dir='ltr'>partis</span> <span class='ocrx_word' id='word_1_24' title='bbox 1018 518 1189 587; x_wconf 89' lang='lat' dir='ltr'>prima</span> <span class='ocrx_word' id='word_1_25' title='bbox 1218 519 1396 572; x_wconf 88' lang='lat' dir='ltr'>venire</span> <span class='ocrx_word' id='word_1_26' title='bbox 1427 527 1562 572; x_wconf 76' lang='lat' dir='ltr'>tuas,</span> 
     </span>
    </p>

    <p class='ocr_par' dir='ltr' id='par_1_11' title="bbox 384 587 1805 728">
     <span class='ocr_line' id='line_1_12' title="bbox 384 587 1805 671; baseline 0.001 -28"><span class='ocrx_word' id='word_1_27' title='bbox 384 609 579 671; x_wconf 85' lang='lat' dir='ltr'>magna</span> <span class='ocrx_word' id='word_1_28' title='bbox 609 589 704 640; x_wconf 88' lang='lat' dir='ltr'>tibi</span> <span class='ocrx_word' id='word_1_29' title='bbox 733 587 978 657; x_wconf 88' lang='lat' dir='ltr'>imposita</span> <span class='ocrx_word' id='word_1_30' title='bbox 1009 598 1087 641; x_wconf 85' lang='lat' dir='ltr'>est</span> <span class='ocrx_word' id='word_1_31' title='bbox 1116 589 1307 641; x_wconf 87' lang='lat' dir='ltr'>nostris</span> <span class='ocrx_word' id='word_1_32' title='bbox 1337 608 1562 659; x_wconf 89' lang='lat' dir='ltr'>persona</span> <span class='ocrx_word' id='word_1_33' title='bbox 1590 591 1805 644; x_wconf 82' lang='lat' dir='ltr'>libellis:</span> 
     </span>
     <span class='ocr_line' id='line_1_13' title="bbox 457 659 1608 728; baseline 0.001 -15"><span class='ocrx_word' id='word_1_34' title='bbox 457 659 694 728; x_wconf 91' lang='lat' dir='ltr'>coniugis</span> <span class='ocrx_word' id='word_1_35' title='bbox 727 659 1028 728; x_wconf 87' lang='lat' dir='ltr'>exemplum</span> <span class='ocrx_word' id='word_1_36' title='bbox 1059 659 1247 713; x_wconf 86' lang='lat' dir='ltr'>diceris</span> <span class='ocrx_word' id='word_1_37' title='bbox 1279 679 1392 713; x_wconf 90' lang='lat' dir='ltr'>esse</span> <span class='ocrx_word' id='word_1_38' title='bbox 1422 661 1608 714; x_wconf 89' lang='lat' dir='ltr'>bonae.</span> 
     </span>
    </p>

    <p class='ocr_par' dir='ltr' id='par_1_12' title="bbox 384 729 1757 872">
     <span class='ocr_line' id='line_1_14' title="bbox 384 729 1757 800; baseline 0.001 -17"><span class='ocrx_word' id='word_1_39' title='bbox 384 732 519 783; x_wconf 88' lang='lat' dir='ltr'>hanc</span> <span class='ocrx_word' id='word_1_40' title='bbox 552 748 680 783; x_wconf 86' lang='lat' dir='ltr'>cave</span> <span class='ocrx_word' id='word_1_41' title='bbox 712 729 1023 799; x_wconf 84' lang='lat' dir='ltr'>degeneres3</span> <span class='ocrx_word' id='word_1_42' title='bbox 1056 740 1107 783; x_wconf 91' lang='lat' dir='ltr'>et</span> <span class='ocrx_word' id='word_1_43' title='bbox 1139 730 1241 783; x_wconf 87' lang='lat' dir='ltr'>sint</span> <span class='ocrx_word' id='word_1_44' title='bbox 1270 732 1549 800; x_wconf 87' lang='lat' dir='ltr'>praeconia</span> <span class='ocrx_word' id='word_1_45' title='bbox 1578 743 1757 785; x_wconf 87' lang='lat' dir='ltr'>nostra</span> 
     </span>
     <span class='ocr_line' id='line_1_15' title="bbox 455 800 1528 883; baseline 0.001 -30"><span class='ocrx_word' id='word_1_46' title='bbox 455 821 603 863; x_wconf 89' lang='lat' dir='ltr'>vera,</span> <span class='ocrx_word' id='word_1_47' title='bbox 635 800 782 863; x_wconf 89' lang='lat' dir='ltr'>vide,</span> <span class='ocrx_word' id='word_1_48' title='bbox 813 800 987 854; x_wconf 87' lang='lat' dir='ltr'>famae</span> <span class='ocrx_word' id='word_1_49' title='bbox 1018 818 1123 883; x_wconf 80' lang='lat' dir='ltr'>quo</span> <span class='ocrx_word' id='word_1_50' title='bbox 1154 802 1348 854; x_wconf 90' lang='lat' dir='ltr'>tuearis</span> <span class='ocrx_word' id='word_1_51' title='bbox 1380 820 1528 872; x_wconf 86' lang='lat' dir='ltr'>opus.</span> 
     </span>
    </p>

    <p class='ocr_par' dir='ltr' id='par_1_13' title="bbox 383 871 1767 1010">
     <span class='ocr_line' id='line_1_16' title="bbox 383 871 1767 956; baseline 0.001 -32"><span class='ocrx_word' id='word_1_52' title='bbox 383 882 440 925; x_wconf 90' lang='lat' dir='ltr'>ut</span> <span class='ocrx_word' id='word_1_53' title='bbox 470 871 643 924; x_wconf 89' lang='lat' dir='ltr'>nihil</span> <span class='ocrx_word' id='word_1_54' title='bbox 629 891 742 941; x_wconf 81' lang='lat' dir='ltr'>ipse</span> <span class='ocrx_word' id='word_1_55' title='bbox 772 889 988 940; x_wconf 89' lang='lat' dir='ltr'>querar,</span> <span class='ocrx_word' id='word_1_56' title='bbox 1019 872 1179 925; x_wconf 87' lang='lat' dir='ltr'>tacito</span> <span class='ocrx_word' id='word_1_57' title='bbox 1210 891 1295 925; x_wconf 92' lang='lat' dir='ltr'>me</span> <span class='ocrx_word' id='word_1_58' title='bbox 1326 872 1471 925; x_wconf 89' lang='lat' dir='ltr'>fama</span> <span class='ocrx_word' id='word_1_59' title='bbox 1475 884 1767 956; x_wconf 84' lang='lat' dir='ltr'><strong>queretur,</strong></span> 
     </span>
     <span class='ocr_line' id='line_1_17' title="bbox 454 942 1508 1010; baseline 0.001 -15"><span class='ocrx_word' id='word_1_60' title='bbox 454 962 590 1010; x_wconf 88' lang='lat' dir='ltr'>quae</span> <span class='ocrx_word' id='word_1_61' title='bbox 622 943 801 1005; x_wconf 87' lang='lat' dir='ltr'>debet,</span> <span class='ocrx_word' id='word_1_62' title='bbox 832 942 991 995; x_wconf 86' lang='lat' dir='ltr'>fuerit</span> <span class='ocrx_word' id='word_1_63' title='bbox 1020 942 1075 995; x_wconf 91' lang='lat' dir='ltr'>ni</span> <span class='ocrx_word' id='word_1_64' title='bbox 1104 943 1200 995; x_wconf 90' lang='lat' dir='ltr'>tibi</span> <span class='ocrx_word' id='word_1_65' title='bbox 1231 962 1358 996; x_wconf 88' lang='lat' dir='ltr'>cura</span> <span class='ocrx_word' id='word_1_66' title='bbox 1387 944 1508 997; x_wconf 88' lang='lat' dir='ltr'>mei.</span> 
     </span>
    </p>

    <p class='ocr_par' dir='ltr' id='par_1_14' title="bbox 385 1014 1692 1154">
     <span class='ocr_line' id='line_1_18' title="bbox 385 1014 1692 1084; baseline 0 -17"><span class='ocrx_word' id='word_1_67' title='bbox 385 1014 625 1084; x_wconf 84' lang='lat' dir='ltr'>exposuit</span> <span class='ocrx_word' id='word_1_68' title='bbox 655 1033 774 1066; x_wconf 87' lang='lat' dir='ltr'>mea</span> <span class='ocrx_word' id='word_1_69' title='bbox 802 1032 888 1066; x_wconf 90' lang='lat' dir='ltr'>me</span> <span class='ocrx_word' id='word_1_70' title='bbox 918 1014 1114 1083; x_wconf 91' lang='lat' dir='ltr'>populo</span> <span class='ocrx_word' id='word_1_71' title='bbox 1146 1014 1358 1067; x_wconf 88' lang='lat' dir='ltr'>fortuna</span> <span class='ocrx_word' id='word_1_72' title='bbox 1389 1015 1692 1079; x_wconf 90' lang='lat' dir='ltr'>videndum,</span> 
     </span>
     <span class='ocr_line' id='line_1_19' title="bbox 456 1084 1616 1154; baseline 0.003 -18"><span class='ocrx_word' id='word_1_73' title='bbox 456 1095 504 1137; x_wconf 89' lang='lat' dir='ltr'>et</span> <span class='ocrx_word' id='word_1_74' title='bbox 538 1085 656 1154; x_wconf 90' lang='lat' dir='ltr'>plus</span> <span class='ocrx_word' id='word_1_75' title='bbox 686 1084 924 1147; x_wconf 86' lang='lat' dir='ltr'>notitiae,</span> <span class='ocrx_word' id='word_1_76' title='bbox 957 1103 1118 1153; x_wconf 86' lang='lat' dir='ltr'>quam</span> <span class='ocrx_word' id='word_1_77' title='bbox 1148 1085 1250 1137; x_wconf 82' lang='lat' dir='ltr'>fuit</span> <span class='ocrx_word' id='word_1_78' title='bbox 1279 1095 1424 1148; x_wconf 86' lang='lat' dir='ltr'>ante,</span> <span class='ocrx_word' id='word_1_79' title='bbox 1457 1086 1616 1139; x_wconf 83' lang='lat' dir='ltr'>dedit.</span> 
     </span>
    </p>

    <p class='ocr_par' dir='ltr' id='par_1_15' title="bbox 383 1153 1674 1297">
     <span class='ocr_line' id='line_1_20' title="bbox 383 1153 1674 1225; baseline 0.002 -17"><span class='ocrx_word' id='word_1_80' title='bbox 383 1157 555 1209; x_wconf 88' lang='lat' dir='ltr'>notior</span> <span class='ocrx_word' id='word_1_81' title='bbox 587 1165 666 1208; x_wconf 87' lang='lat' dir='ltr'>est</span> <span class='ocrx_word' id='word_1_82' title='bbox 695 1156 867 1208; x_wconf 87' lang='lat' dir='ltr'>factus</span> <span class='ocrx_word' id='word_1_83' title='bbox 900 1153 1184 1225; x_wconf 81' lang='lat' dir='ltr'>Capaneus</span> <span class='ocrx_word' id='word_1_84' title='bbox 1215 1176 1247 1208; x_wconf 87' lang='lat' dir='ltr'>a</span> <span class='ocrx_word' id='word_1_85' title='bbox 1276 1156 1511 1210; x_wconf 85' lang='lat' dir='ltr'>fulminis</span> <span class='ocrx_word' id='word_1_86' title='bbox 1540 1157 1674 1210; x_wconf 84' lang='lat' dir='ltr'>ictu:</span> 
     </span>
     <span class='ocr_line' id='line_1_21' title="bbox 454 1227 1609 1297; baseline 0.001 -18"><span class='ocrx_word' id='word_1_87' title='bbox 454 1238 610 1279; x_wconf 88' lang='lat' dir='ltr'>notus</span> <span class='ocrx_word' id='word_1_88' title='bbox 641 1227 801 1279; x_wconf 90' lang='lat' dir='ltr'>humo</span> <span class='ocrx_word' id='word_1_89' title='bbox 831 1227 1016 1280; x_wconf 87' lang='lat' dir='ltr'>mersis</span> <span class='ocrx_word' id='word_1_90' title='bbox 1045 1227 1405 1297; x_wconf 82' lang='lat' dir='ltr'>Amphiaraus</span> <span class='ocrx_word' id='word_1_91' title='bbox 1437 1229 1609 1296; x_wconf 88' lang='lat' dir='ltr'>equis:</span> 
     </span>
    </p>

    <p class='ocr_par' dir='ltr' id='par_1_16' title="bbox 384 1298 1710 1438">
     <span class='ocr_line' id='line_1_22' title="bbox 384 1298 1710 1360; baseline 0.002 -11"><span class='ocrx_word' id='word_1_92' title='bbox 384 1299 426 1350; x_wconf 89' lang='lat' dir='ltr'>si</span> <span class='ocrx_word' id='word_1_93' title='bbox 457 1299 629 1350; x_wconf 87' lang='lat' dir='ltr'>minus</span> <span class='ocrx_word' id='word_1_94' title='bbox 662 1307 907 1360; x_wconf 89' lang='lat' dir='ltr'>errasset,</span> <span class='ocrx_word' id='word_1_95' title='bbox 938 1307 1095 1350; x_wconf 91' lang='lat' dir='ltr'>notus</span> <span class='ocrx_word' id='word_1_96' title='bbox 1126 1299 1299 1351; x_wconf 89' lang='lat' dir='ltr'>minus</span> <span class='ocrx_word' id='word_1_97' title='bbox 1332 1308 1469 1352; x_wconf 85' lang='lat' dir='ltr'>esset</span> <span class='ocrx_word' id='word_1_98' title='bbox 1498 1298 1710 1352; x_wconf 83' lang='lat' dir='ltr'>Ulixes:</span> 
     </span>
     <span class='ocr_line' id='line_1_23' title="bbox 454 1369 1678 1438; baseline 0.002 -18"><span class='ocrx_word' id='word_1_99' title='bbox 454 1389 648 1438; x_wconf 85' lang='lat' dir='ltr'>magna</span> <span class='ocrx_word' id='word_1_100' title='bbox 677 1369 1004 1422; x_wconf 81' lang='lat' dir='ltr'>Philoctetae</span> <span class='ocrx_word' id='word_1_101' title='bbox 1035 1370 1252 1423; x_wconf 91' lang='lat' dir='ltr'>vulnere</span> <span class='ocrx_word' id='word_1_102' title='bbox 1283 1369 1426 1423; x_wconf 84' lang='lat' dir='ltr'>fama</span> <span class='ocrx_word' id='word_1_103' title='bbox 1457 1388 1552 1423; x_wconf 90' lang='lat' dir='ltr'>suo</span> <span class='ocrx_word' id='word_1_104' title='bbox 1584 1381 1678 1423; x_wconf 87' lang='lat' dir='ltr'>est.</span> 
     </span>
    </p>

    <p class='ocr_par' dir='ltr' id='par_1_17' title="bbox 384 1440 1743 1580">
     <span class='ocr_line' id='line_1_24' title="bbox 384 1440 1743 1523; baseline 0.002 -32"><span class='ocrx_word' id='word_1_105' title='bbox 384 1440 427 1492; x_wconf 88' lang='lat' dir='ltr'>si</span> <span class='ocrx_word' id='word_1_106' title='bbox 458 1441 604 1492; x_wconf 91' lang='lat' dir='ltr'>locus</span> <span class='ocrx_word' id='word_1_107' title='bbox 637 1450 714 1492; x_wconf 88' lang='lat' dir='ltr'>est</span> <span class='ocrx_word' id='word_1_108' title='bbox 745 1440 933 1508; x_wconf 84' lang='lat' dir='ltr'>aliquis</span> <span class='ocrx_word' id='word_1_109' title='bbox 965 1449 1111 1493; x_wconf 89' lang='lat' dir='ltr'>tanta</span> <span class='ocrx_word' id='word_1_110' title='bbox 1139 1441 1275 1494; x_wconf 89' lang='lat' dir='ltr'>inter</span> <span class='ocrx_word' id='word_1_111' title='bbox 1304 1441 1519 1494; x_wconf 89' lang='lat' dir='ltr'>nomina</span> <span class='ocrx_word' id='word_1_112' title='bbox 1547 1442 1743 1523; x_wconf 89' lang='lat' dir='ltr'>parvis,</span> 
     </span>
     <span class='ocr_line' id='line_1_25' title="bbox 453 1511 1697 1593; baseline 0.002 -31"><span class='ocrx_word' id='word_1_113' title='bbox 453 1529 548 1563; x_wconf 87' lang='lat' dir='ltr'>nos</span> <span class='ocrx_word' id='word_1_114' title='bbox 579 1529 790 1593; x_wconf 79' lang='lat' dir='ltr'>quoque</span> <span class='ocrx_word' id='word_1_115' title='bbox 822 1511 1133 1580; x_wconf 90' lang='lat' dir='ltr'>conspicuos</span> <span class='ocrx_word' id='word_1_116' title='bbox 1163 1520 1343 1564; x_wconf 90' lang='lat' dir='ltr'>nostra</span> <span class='ocrx_word' id='word_1_117' title='bbox 1370 1512 1525 1565; x_wconf 84' lang='lat' dir='ltr'>ruina</span> <span class='ocrx_word' id='word_1_118' title='bbox 1555 1511 1697 1565; x_wconf 87' lang='lat' dir='ltr'>facit.</span> 
     </span>
    </p>

    <p class='ocr_par' dir='ltr' id='par_1_18' title="bbox 383 1582 1678 1707">
     <span class='ocr_line' id='line_1_26' title="bbox 383 1582 1678 1652; baseline 0.002 -19"><span class='ocrx_word' id='word_1_119' title='bbox 383 1600 480 1634; x_wconf 91' lang='lat' dir='ltr'>nec</span> <span class='ocrx_word' id='word_1_120' title='bbox 512 1592 561 1634; x_wconf 91' lang='lat' dir='ltr'>te</span> <span class='ocrx_word' id='word_1_121' title='bbox 591 1582 781 1634; x_wconf 82' lang='lat' dir='ltr'>nesciri</span> <span class='ocrx_word' id='word_1_122' title='bbox 810 1582 1007 1651; x_wconf 86' lang='lat' dir='ltr'>patitur</span> <span class='ocrx_word' id='word_1_123' title='bbox 1037 1601 1155 1635; x_wconf 87' lang='lat' dir='ltr'>mea</span> <span class='ocrx_word' id='word_1_124' title='bbox 1184 1582 1401 1652; x_wconf 89' lang='lat' dir='ltr'>pagina·</span> <span class='ocrx_word' id='word_1_125' title='bbox 1436 1600 1543 1651; x_wconf 86' lang='lat' dir='ltr'>qua</span> <span class='ocrx_word' id='word_1_126' title='bbox 1571 1601 1678 1635; x_wconf 92' lang='lat' dir='ltr'>non</span> 
     </span>
     <span class='ocr_line' id='line_1_27' title="bbox 454 1650 1497 1707; baseline 0.003 -4"><span class='ocrx_word' id='word_1_127' title='bbox 454 1653 672 1704; x_wconf 90' lang='lat' dir='ltr'>inferius</span> <span class='ocrx_word' id='word_1_128' title='bbox 706 1650 820 1705; x_wconf 85' lang='lat' dir='ltr'>Coa</span> <span class='ocrx_word' id='word_1_129' title='bbox 850 1652 1062 1706; x_wconf 88' lang='lat' dir='ltr'>Battide</span> <span class='ocrx_word' id='word_1_130' title='bbox 1092 1671 1286 1707; x_wconf 91' lang='lat' dir='ltr'>nomen</span> <span class='ocrx_word' id='word_1_131' title='bbox 1316 1653 1497 1707; x_wconf 78' lang='lat' dir='ltr'>habes·</span> 
     </span>
    </p>

    <p class='ocr_par' dir='ltr' id='par_1_19' title="bbox 383 1723 1806 1863">
     <span class='ocr_line' id='line_1_28' title="bbox 383 1723 1806 1795; baseline 0.003 -21"><span class='ocrx_word' id='word_1_132' title='bbox 383 1723 634 1791; x_wconf 84' lang='lat' dir='ltr'>quicquid</span> <span class='ocrx_word' id='word_1_133' title='bbox 665 1742 791 1792; x_wconf 84' lang='lat' dir='ltr'>ages</span> <span class='ocrx_word' id='word_1_134' title='bbox 820 1723 1004 1793; x_wconf 85' lang='lat' dir='ltr'>igitur,</span> <span class='ocrx_word' id='word_1_135' title='bbox 1037 1743 1228 1776; x_wconf 82' lang='lat' dir='ltr'>scaena</span> <span class='ocrx_word' id='word_1_136' title='bbox 1258 1725 1563 1793; x_wconf 87' lang='lat' dir='ltr'>spectabere</span> <span class='ocrx_word' id='word_1_137' title='bbox 1593 1744 1806 1795; x_wconf 85' lang='lat' dir='ltr'>magna,</span> 
     </span>
     <span class='ocr_line' id='line_1_29' title="bbox 455 1795 1534 1863; baseline 0.001 -17"><span class='ocrx_word' id='word_1_138' title='bbox 455 1804 505 1846; x_wconf 85' lang='lat' dir='ltr'>et</span> <span class='ocrx_word' id='word_1_139' title='bbox 535 1795 622 1863; x_wconf 84' lang='lat' dir='ltr'>pia</span> <span class='ocrx_word' id='word_1_140' title='bbox 652 1813 757 1846; x_wconf 93' lang='lat' dir='ltr'>non</span> <span class='ocrx_word' id='word_1_141' title='bbox 787 1795 969 1863; x_wconf 87' lang='lat' dir='ltr'>paucis</span> <span class='ocrx_word' id='word_1_142' title='bbox 999 1795 1221 1847; x_wconf 86' lang='lat' dir='ltr'>testibus</span> <span class='ocrx_word' id='word_1_143' title='bbox 1252 1813 1386 1847; x_wconf 90' lang='lat' dir='ltr'>uxor</span> <span class='ocrx_word' id='word_1_144' title='bbox 1416 1795 1534 1848; x_wconf 90' lang='lat' dir='ltr'>eris.</span> 
     </span>
    </p>

    <p class='ocr_par' dir='ltr' id='par_1_20' title="bbox 384 1864 1740 2007">
     <span class='ocr_line' id='line_1_30' title="bbox 384 1864 1740 1932; baseline 0.001 -15"><span class='ocrx_word' id='word_1_145' title='bbox 384 1865 537 1917; x_wconf 90' lang='lat' dir='ltr'>crede</span> <span class='ocrx_word' id='word_1_146' title='bbox 567 1864 719 1926; x_wconf 87' lang='lat' dir='ltr'>mihi,</span> <span class='ocrx_word' id='word_1_147' title='bbox 750 1865 991 1932; x_wconf 90' lang='lat' dir='ltr'>quotiens</span> <span class='ocrx_word' id='word_1_148' title='bbox 1022 1865 1253 1917; x_wconf 89' lang='lat' dir='ltr'>laudaris</span> <span class='ocrx_word' id='word_1_149' title='bbox 1285 1866 1515 1919; x_wconf 85' lang='lat' dir='ltr'>carmine</span> <span class='ocrx_word' id='word_1_150' title='bbox 1545 1876 1740 1929; x_wconf 88' lang='lat' dir='ltr'>nostr0,</span> 
     </span>
     <span class='ocr_line' id='line_1_31' title="bbox 455 1935 1654 2007; baseline 0.002 -21"><span class='ocrx_word' id='word_1_151' title='bbox 455 1935 546 2003; x_wconf 91' lang='lat' dir='ltr'>qui</span> <span class='ocrx_word' id='word_1_152' title='bbox 576 1935 704 2004; x_wconf 90' lang='lat' dir='ltr'>legit</span> <span class='ocrx_word' id='word_1_153' title='bbox 734 1935 829 1987; x_wconf 87' lang='lat' dir='ltr'>has</span> <span class='ocrx_word' id='word_1_154' title='bbox 860 1935 1067 1998; x_wconf 85' lang='lat' dir='ltr'>laudes,</span> <span class='ocrx_word' id='word_1_155' title='bbox 1100 1955 1167 1988; x_wconf 90' lang='lat' dir='ltr'>an</span> <span class='ocrx_word' id='word_1_156' title='bbox 1196 1955 1455 1998; x_wconf 88' lang='lat' dir='ltr'>mereare,</span> <span class='ocrx_word' id='word_1_157' title='bbox 1486 1946 1654 2007; x_wconf 88' lang='lat' dir='ltr'>rogat.</span> 
     </span>
    </p>

    <p class='ocr_par' dir='ltr' id='par_1_21' title="bbox 382 2006 1639 2148">
     <span class='ocr_line' id='line_1_32' title="bbox 382 2006 1581 2075; baseline 0.002 -17"><span class='ocrx_word' id='word_1_158' title='bbox 382 2015 545 2074; x_wconf 88' lang='lat' dir='ltr'>utque</span> <span class='ocrx_word' id='word_1_159' title='bbox 576 2006 755 2059; x_wconf 84' lang='lat' dir='ltr'>favere</span> <span class='ocrx_word' id='word_1_160' title='bbox 785 2024 903 2059; x_wconf 94' lang='lat' dir='ltr'>reor</span> <span class='ocrx_word' id='word_1_161' title='bbox 932 2007 1108 2075; x_wconf 89' lang='lat' dir='ltr'>plures</span> <span class='ocrx_word' id='word_1_162' title='bbox 1139 2006 1422 2060; x_wconf 87' lang='lat' dir='ltr'>virtutibus</span> <span class='ocrx_word' id='word_1_163' title='bbox 1451 2008 1581 2069; x_wconf 83' lang='lat' dir='ltr'>istis,</span> 
     </span>
     <span class='ocr_line' id='line_1_33' title="bbox 455 2076 1657 2160; baseline 0.003 -32"><span class='ocrx_word' id='word_1_164' title='bbox 455 2076 528 2129; x_wconf 85' lang='lat' dir='ltr'>sic</span> <span class='ocrx_word' id='word_1_165' title='bbox 559 2086 650 2130; x_wconf 88' lang='lat' dir='ltr'>tua</span> <span class='ocrx_word' id='word_1_166' title='bbox 680 2095 786 2129; x_wconf 90' lang='lat' dir='ltr'>non</span> <span class='ocrx_word' id='word_1_167' title='bbox 816 2095 1018 2146; x_wconf 89' lang='lat' dir='ltr'>paucae</span> <span class='ocrx_word' id='word_1_168' title='bbox 1049 2096 1263 2160; x_wconf 89' lang='lat' dir='ltr'>carpere</span> <span class='ocrx_word' id='word_1_169' title='bbox 1293 2077 1434 2131; x_wconf 85' lang='lat' dir='ltr'>facta</span> <span class='ocrx_word' id='word_1_170' title='bbox 1463 2079 1657 2132; x_wconf 87' lang='lat' dir='ltr'>volent.</span> 
     </span>
    </p>

    <p class='ocr_par' dir='ltr' id='par_1_22' title="bbox 383 2148 1597 2289">
     <span class='ocr_line' id='line_1_34' title="bbox 383 2148 1597 2243; baseline 0.002 -44"><span class='ocrx_word' id='word_1_171' title='bbox 383 2165 607 2216; x_wconf 88' lang='lat' dir='ltr'>quarum</span> <span class='ocrx_word' id='word_1_172' title='bbox 638 2158 696 2200; x_wconf 88' lang='lat' dir='ltr'>tu</span> <span class='ocrx_word' id='word_1_173' title='bbox 726 2158 936 2217; x_wconf 86' lang='lat' dir='ltr'>praesta</span> <span class='ocrx_word' id='word_1_174' title='bbox 965 2167 1031 2201; x_wconf 91' lang='lat' dir='ltr'>ne</span> <span class='ocrx_word' id='word_1_175' title='bbox 1061 2148 1197 2201; x_wconf 89' lang='lat' dir='ltr'>livor</span> <span class='ocrx_word' id='word_1_176' title='bbox 1226 2149 1399 2203; x_wconf 88' lang='lat' dir='ltr'>dicere</span> <span class='ocrx_word' id='word_1_177' title='bbox 1431 2150 1597 2243; x_wconf 85' lang='lat' dir='ltr'>possit</span> 
     </span>
     <span class='ocr_line' id='line_1_35' title="bbox 456 2219 1581 2289; baseline 0.002 -19.04"><span class='ocrx_word' id='word_1_178' title='bbox 456 2219 609 2272; x_wconf 86' lang='lat' dir='ltr'>‘haec</span> <span class='ocrx_word' id='word_1_179' title='bbox 641 2228 719 2271; x_wconf 87' lang='lat' dir='ltr'>est</span> <span class='ocrx_word' id='word_1_180' title='bbox 750 2237 844 2289; x_wconf 91' lang='lat' dir='ltr'>pro</span> <span class='ocrx_word' id='word_1_181' title='bbox 876 2219 1051 2273; x_wconf 90' lang='lat' dir='ltr'>miseri</span> <span class='ocrx_word' id='word_1_182' title='bbox 1080 2220 1222 2273; x_wconf 85' lang='lat' dir='ltr'>lenta</span> <span class='ocrx_word' id='word_1_183' title='bbox 1253 2221 1420 2274; x_wconf 87' lang='lat' dir='ltr'>salute</span> <span class='ocrx_word' id='word_1_184' title='bbox 1451 2220 1581 2273; x_wconf 87' lang='lat' dir='ltr'>viri.&#39;</span> 
     </span>
    </p>

    <p class='ocr_par' dir='ltr' id='par_1_23' title="bbox 383 2289 1854 2432">
     <span class='ocr_line' id='line_1_36' title="bbox 383 2289 1854 2361; baseline 0.003 -20"><span class='ocrx_word' id='word_1_185' title='bbox 383 2307 608 2357; x_wconf 89' lang='lat' dir='ltr'>cumque</span> <span class='ocrx_word' id='word_1_186' title='bbox 640 2308 740 2360; x_wconf 92' lang='lat' dir='ltr'>ego</span> <span class='ocrx_word' id='word_1_187' title='bbox 773 2289 1014 2343; x_wconf 89' lang='lat' dir='ltr'>deficiam</span> <span class='ocrx_word' id='word_1_188' title='bbox 1043 2309 1142 2344; x_wconf 94' lang='lat' dir='ltr'>nec</span> <span class='ocrx_word' id='word_1_189' title='bbox 1172 2292 1370 2361; x_wconf 89' lang='lat' dir='ltr'>possim</span> <span class='ocrx_word' id='word_1_190' title='bbox 1401 2291 1592 2345; x_wconf 88' lang='lat' dir='ltr'>ducere</span> <span class='ocrx_word' id='word_1_191' title='bbox 1625 2311 1854 2356; x_wconf 90' lang='lat' dir='ltr'>currum,</span> 
     </span>
     <span class='ocr_line' id='line_1_37' title="bbox 453 2361 1492 2432; baseline 0.002 -20"><span class='ocrx_word' id='word_1_192' title='bbox 453 2361 538 2412; x_wconf 88' lang='lat' dir='ltr'>fac</span> <span class='ocrx_word' id='word_1_193' title='bbox 569 2370 626 2412; x_wconf 91' lang='lat' dir='ltr'>tu</span> <span class='ocrx_word' id='word_1_194' title='bbox 658 2361 917 2415; x_wconf 89' lang='lat' dir='ltr'>sustineas</span> <span class='ocrx_word' id='word_1_195' title='bbox 948 2361 1119 2415; x_wconf 88' lang='lat' dir='ltr'>debile</span> <span class='ocrx_word' id='word_1_196' title='bbox 1150 2362 1304 2415; x_wconf 89' lang='lat' dir='ltr'>sola</span> <span class='ocrx_word' id='word_1_197' title='bbox 1289 2382 1492 2432; x_wconf 79' lang='lat' dir='ltr'>lugum.</span> 
     </span>
    </p>

    <p class='ocr_par' dir='ltr' id='par_1_24' title="bbox 382 2431 1713 2571">
     <span class='ocr_line' id='line_1_38' title="bbox 382 2431 1699 2503; baseline 0.002 -21"><span class='ocrx_word' id='word_1_198' title='bbox 382 2431 450 2482; x_wconf 90' lang='lat' dir='ltr'>ad</span> <span class='ocrx_word' id='word_1_199' title='bbox 480 2432 744 2484; x_wconf 88' lang='lat' dir='ltr'>medicum</span> <span class='ocrx_word' id='word_1_200' title='bbox 775 2440 954 2501; x_wconf 87' lang='lat' dir='ltr'>specto</span> <span class='ocrx_word' id='word_1_201' title='bbox 985 2432 1131 2485; x_wconf 91' lang='lat' dir='ltr'>venis</span> <span class='ocrx_word' id='word_1_202' title='bbox 1162 2433 1488 2502; x_wconf 83' lang='lat' dir='ltr'>fugientibus</span> <span class='ocrx_word' id='word_1_203' title='bbox 1519 2452 1699 2503; x_wconf 88' lang='lat' dir='ltr'>aeger:</span> 
     </span>
     <span class='ocr_line' id='line_1_39' title="bbox 455 2502 1730 2571; baseline 0.002 -18"><span class='ocrx_word' id='word_1_204' title='bbox 455 2502 639 2554; x_wconf 82' lang='lat' dir='ltr'>ultima</span> <span class='ocrx_word' id='word_1_205' title='bbox 669 2521 790 2571; x_wconf 87' lang='lat' dir='ltr'>pars</span> <span class='ocrx_word' id='word_1_206' title='bbox 821 2502 1026 2556; x_wconf 89' lang='lat' dir='ltr'>animae</span> <span class='ocrx_word' id='word_1_207' title='bbox 1059 2503 1184 2555; x_wconf 89' lang='lat' dir='ltr'>dum</span> <span class='ocrx_word' id='word_1_208' title='bbox 1214 2503 1343 2556; x_wconf 89' lang='lat' dir='ltr'>mihi</span> <span class='ocrx_word' id='word_1_209' title='bbox 1372 2513 1557 2566; x_wconf 85' lang='lat' dir='ltr'>restat,</span> <span class='ocrx_word' id='word_1_210' title='bbox 1589 2504 1730 2557; x_wconf 89' lang='lat' dir='ltr'>ades.</span> 
     </span>
    </p>

    <p class='ocr_par' dir='ltr' id='par_1_25' title="bbox 384 2573 1922 2715">
     <span class='ocr_line' id='line_1_40' title="bbox 384 2573 1922 2644; baseline 0.002 -21"><span class='ocrx_word' id='word_1_211' title='bbox 384 2573 632 2640; x_wconf 88' lang='lat' dir='ltr'>quodque</span> <span class='ocrx_word' id='word_1_212' title='bbox 665 2591 763 2642; x_wconf 92' lang='lat' dir='ltr'>ego</span> <span class='ocrx_word' id='word_1_213' title='bbox 793 2583 1140 2643; x_wconf 78' lang='lat' dir='ltr'>praestarem,</span> <span class='ocrx_word' id='word_1_214' title='bbox 1172 2574 1216 2626; x_wconf 93' lang='lat' dir='ltr'>si</span> <span class='ocrx_word' id='word_1_215' title='bbox 1246 2583 1298 2627; x_wconf 90' lang='lat' dir='ltr'>te</span> <span class='ocrx_word' id='word_1_216' title='bbox 1328 2574 1498 2644; x_wconf 86' lang='lat' dir='ltr'>magis</span> <span class='ocrx_word' id='word_1_217' title='bbox 1528 2575 1640 2644; x_wconf 88' lang='lat' dir='ltr'>ipse</span> <span class='ocrx_word' id='word_1_218' title='bbox 1672 2575 1922 2638; x_wconf 88' lang='lat' dir='ltr'>valerem,</span> 
     </span>
     <span class='ocr_line' id='line_1_41' title="bbox 453 2617 1619 2715; baseline 0.003 -21"><span class='ocrx_word' id='word_1_219' title='bbox 453 2643 507 2695; x_wconf 88' lang='lat' dir='ltr'>id</span> <span class='ocrx_word' id='word_1_220' title='bbox 537 2617 727 2706; x_wconf 66' lang='lat' dir='ltr'>mihi,C&gt;</span> <span class='ocrx_word' id='word_1_221' title='bbox 721 2661 841 2695; x_wconf 89' lang='lat' dir='ltr'>cum</span> <span class='ocrx_word' id='word_1_222' title='bbox 872 2645 1047 2697; x_wconf 86' lang='lat' dir='ltr'>valeas</span> <span class='ocrx_word' id='word_1_223' title='bbox 1078 2644 1310 2697; x_wconf 86' lang='lat' dir='ltr'>fortius</span> <span class='ocrx_word' id='word_1_224' title='bbox 1295 2664 1435 2715; x_wconf 81' lang='lat' dir='ltr'>ipsa,</span> <span class='ocrx_word' id='word_1_225' title='bbox 1466 2645 1619 2698; x_wconf 89' lang='lat' dir='ltr'>refe1</span> 
     </span>
    </p>

    <p class='ocr_par' dir='ltr' id='par_1_26' title="bbox 383 2714 1721 2857">
     <span class='ocr_line' id='line_1_42' title="bbox 383 2714 1721 2798; baseline 0.002 -32"><span class='ocrx_word' id='word_1_226' title='bbox 383 2714 547 2783; x_wconf 81' lang='lat' dir='ltr'>exigit</span> <span class='ocrx_word' id='word_1_227' title='bbox 585 2714 685 2767; x_wconf 92' lang='lat' dir='ltr'>hoc</span> <span class='ocrx_word' id='word_1_228' title='bbox 715 2715 920 2767; x_wconf 88' lang='lat' dir='ltr'>socialis</span> <span class='ocrx_word' id='word_1_229' title='bbox 952 2733 1100 2767; x_wconf 87' lang='lat' dir='ltr'>amor</span> <span class='ocrx_word' id='word_1_230' title='bbox 1128 2716 1421 2798; x_wconf 82' lang='lat' dir='ltr'>foedusque</span> <span class='ocrx_word' id='word_1_231' title='bbox 1451 2716 1721 2769; x_wconf 84' lang='lat' dir='ltr'>maritum:</span> 
     </span>
     <span class='ocr_line' id='line_1_43' title="bbox 452 2785 1623 2869; baseline 0.003 -33"><span class='ocrx_word' id='word_1_232' title='bbox 452 2785 686 2837; x_wconf 87' lang='lat' dir='ltr'>moribus</span> <span class='ocrx_word' id='word_1_233' title='bbox 717 2785 840 2847; x_wconf 90' lang='lat' dir='ltr'>hoc,</span> <span class='ocrx_word' id='word_1_234' title='bbox 873 2786 1126 2848; x_wconf 92' lang='lat' dir='ltr'>coniunx,</span> <span class='ocrx_word' id='word_1_235' title='bbox 1159 2786 1327 2856; x_wconf 87' lang='lat' dir='ltr'>exigis</span> <span class='ocrx_word' id='word_1_236' title='bbox 1356 2789 1472 2869; x_wconf 90' lang='lat' dir='ltr'>ipsa</span> <span class='ocrx_word' id='word_1_237' title='bbox 1502 2787 1623 2839; x_wconf 78' lang='lat' dir='ltr'>tuis,</span> 
     </span>
    </p>

    <p class='ocr_par' dir='ltr' id='par_1_27' title="bbox 382 2854 1688 2998">
     <span class='ocr_line' id='line_1_44' title="bbox 382 2854 1688 2926; baseline 0.002 -19"><span class='ocrx_word' id='word_1_238' title='bbox 382 2854 482 2909; x_wconf 93' lang='lat' dir='ltr'>hoc</span> <span class='ocrx_word' id='word_1_239' title='bbox 515 2856 694 2908; x_wconf 86' lang='lat' dir='ltr'>domui</span> <span class='ocrx_word' id='word_1_240' title='bbox 725 2857 908 2918; x_wconf 75' lang='lat' dir='ltr'>debeS‚</span> <span class='ocrx_word' id='word_1_241' title='bbox 942 2857 1006 2910; x_wconf 86' lang='lat' dir='ltr'>de</span> <span class='ocrx_word' id='word_1_242' title='bbox 1037 2875 1142 2926; x_wconf 87' lang='lat' dir='ltr'>qua</span> <span class='ocrx_word' id='word_1_243' title='bbox 1173 2857 1425 2921; x_wconf 75' lang='lat' dir='ltr'>censeiiS‚</span> <span class='ocrx_word' id='word_1_244' title='bbox 1455 2868 1514 2910; x_wconf 86' lang='lat' dir='ltr'>ut</span> <span class='ocrx_word' id='word_1_245' title='bbox 1542 2859 1688 2911; x_wconf 89' lang='lat' dir='ltr'>illam</span> 
     </span>
     <span class='ocr_line' id='line_1_45' title="bbox 452 2927 1645 2998; baseline 0.003 -20"><span class='ocrx_word' id='word_1_246' title='bbox 452 2945 558 2979; x_wconf 92' lang='lat' dir='ltr'>non</span> <span class='ocrx_word' id='word_1_247' title='bbox 588 2927 756 2996; x_wconf 86' lang='lat' dir='ltr'>magis</span> <span class='ocrx_word' id='word_1_248' title='bbox 789 2927 975 2981; x_wconf 87' lang='lat' dir='ltr'>officiis</span> <span class='ocrx_word' id='word_1_249' title='bbox 1006 2946 1166 2996; x_wconf 87' lang='lat' dir='ltr'>quam</span> <span class='ocrx_word' id='word_1_250' title='bbox 1196 2929 1455 2998; x_wconf 87' lang='lat' dir='ltr'>probitate</span> <span class='ocrx_word' id='word_1_251' title='bbox 1487 2930 1645 2982; x_wconf 88' lang='lat' dir='ltr'>colas.</span> 
     </span>
    </p>

    <p class='ocr_par' dir='ltr' id='par_1_28' title="bbox 381 2998 1689 3138">
     <span class='ocr_line' id='line_1_46' title="bbox 381 2998 1689 3063; baseline 0.002 -13"><span class='ocrx_word' id='word_1_252' title='bbox 381 3007 571 3050; x_wconf 87' lang='lat' dir='ltr'>cuncta</span> <span class='ocrx_word' id='word_1_253' title='bbox 599 2998 720 3051; x_wconf 89' lang='lat' dir='ltr'>licet</span> <span class='ocrx_word' id='word_1_254' title='bbox 749 2998 936 3060; x_wconf 60' lang='lat' dir='ltr'>faciem,</span> <span class='ocrx_word' id='word_1_255' title='bbox 966 2999 1067 3051; x_wconf 87' lang='lat' dir='ltr'>nisi</span> <span class='ocrx_word' id='word_1_256' title='bbox 1098 2999 1199 3052; x_wconf 89' lang='lat' dir='ltr'>eris</span> <span class='ocrx_word' id='word_1_257' title='bbox 1228 3000 1507 3052; x_wconf 85' lang='lat' dir='ltr'>laudabilis</span> <span class='ocrx_word' id='word_1_258' title='bbox 1539 3018 1689 3063; x_wconf 88' lang='lat' dir='ltr'>uxor,</span> 
     </span>
     <span class='ocr_line' id='line_1_47' title="bbox 450 3069 1500 3138; baseline 0.002 -18"><span class='ocrx_word' id='word_1_259' title='bbox 450 3087 557 3121; x_wconf 91' lang='lat' dir='ltr'>non</span> <span class='ocrx_word' id='word_1_260' title='bbox 586 3069 778 3138; x_wconf 87' lang='lat' dir='ltr'>poterit</span> <span class='ocrx_word' id='word_1_261' title='bbox 809 3069 951 3123; x_wconf 90' lang='lat' dir='ltr'>credi</span> <span class='ocrx_word' id='word_1_262' title='bbox 982 3069 1189 3122; x_wconf 88' lang='lat' dir='ltr'>Marcia</span> <span class='ocrx_word' id='word_1_263' title='bbox 1219 3071 1360 3123; x_wconf 87' lang='lat' dir='ltr'>culta</span> <span class='ocrx_word' id='word_1_264' title='bbox 1390 3071 1500 3122; x_wconf 88' lang='lat' dir='ltr'>tibi.</span> 
     </span>
    </p>

    <p class='ocr_par' dir='ltr' id='par_1_29' title="bbox 379 3140 1638 3280">
     <span class='ocr_line' id='line_1_48' title="bbox 379 3140 1638 3209; baseline 0.002 -19"><span class='ocrx_word' id='word_1_265' title='bbox 379 3157 476 3191; x_wconf 92' lang='lat' dir='ltr'>nec</span> <span class='ocrx_word' id='word_1_266' title='bbox 509 3159 689 3192; x_wconf 88' lang='lat' dir='ltr'>sumus</span> <span class='ocrx_word' id='word_1_267' title='bbox 719 3140 946 3209; x_wconf 86' lang='lat' dir='ltr'>indigni3</span> <span class='ocrx_word' id='word_1_268' title='bbox 978 3160 1099 3202; x_wconf 92' lang='lat' dir='ltr'>nec,</span> <span class='ocrx_word' id='word_1_269' title='bbox 1131 3142 1174 3192; x_wconf 87' lang='lat' dir='ltr'>si</span> <span class='ocrx_word' id='word_1_270' title='bbox 1205 3142 1283 3194; x_wconf 88' lang='lat' dir='ltr'>vis</span> <span class='ocrx_word' id='word_1_271' title='bbox 1315 3159 1439 3195; x_wconf 86' lang='lat' dir='ltr'>vera</span> <span class='ocrx_word' id='word_1_272' title='bbox 1469 3141 1638 3204; x_wconf 88' lang='lat' dir='ltr'>fateri,</span> 
     </span>
     <span class='ocr_line' id='line_1_49' title="bbox 452 3210 1448 3280; baseline 0.004 -20"><span class='ocrx_word' id='word_1_273' title='bbox 452 3210 672 3262; x_wconf 87' lang='lat' dir='ltr'>debetur</span> <span class='ocrx_word' id='word_1_274' title='bbox 702 3211 899 3264; x_wconf 89' lang='lat' dir='ltr'>meritis</span> <span class='ocrx_word' id='word_1_275' title='bbox 929 3212 1099 3280; x_wconf 87' lang='lat' dir='ltr'>gratia</span> <span class='ocrx_word' id='word_1_276' title='bbox 1127 3212 1273 3264; x_wconf 87' lang='lat' dir='ltr'>nulla</span> <span class='ocrx_word' id='word_1_277' title='bbox 1301 3212 1448 3265; x_wconf 89' lang='lat' dir='ltr'>meis.</span> 
     </span>
    </p>

    <p class='ocr_par' dir='ltr' id='par_1_30' title="bbox 379 3281 1796 3420">
     <span class='ocr_line' id='line_1_50' title="bbox 379 3281 1796 3363; baseline 0.002 -32"><span class='ocrx_word' id='word_1_278' title='bbox 379 3281 616 3332; x_wconf 87' lang='lat' dir='ltr'>redditur</span> <span class='ocrx_word' id='word_1_279' title='bbox 644 3281 735 3334; x_wconf 89' lang='lat' dir='ltr'>illa</span> <span class='ocrx_word' id='word_1_280' title='bbox 764 3281 1041 3363; x_wconf 62' lang='lat' dir='ltr'>quidemC&gt;</span> <span class='ocrx_word' id='word_1_281' title='bbox 1011 3300 1083 3332; x_wconf 80' lang='grc' dir='ltr'>σι·</span> <span class='ocrx_word' id='word_1_282' title='bbox 1074 3282 1197 3333; x_wconf 88' lang='lat' dir='ltr'>andi</span> <span class='ocrx_word' id='word_1_283' title='bbox 1228 3300 1348 3334; x_wconf 89' lang='lat' dir='ltr'>cum</span> <span class='ocrx_word' id='word_1_284' title='bbox 1379 3281 1593 3334; x_wconf 87' lang='lat' dir='ltr'>faenore</span> <span class='ocrx_word' id='word_1_285' title='bbox 1623 3281 1796 3345; x_wconf 89' lang='lat' dir='ltr'>nobis,</span> 
     </span>
     <span class='ocr_line' id='line_1_51' title="bbox 450 3351 1612 3420; baseline 0.001 -17"><span class='ocrx_word' id='word_1_286' title='bbox 450 3369 548 3403; x_wconf 91' lang='lat' dir='ltr'>nec</span> <span class='ocrx_word' id='word_1_287' title='bbox 579 3360 654 3413; x_wconf 90' lang='lat' dir='ltr'>te,</span> <span class='ocrx_word' id='word_1_288' title='bbox 687 3351 730 3402; x_wconf 92' lang='lat' dir='ltr'>si</span> <span class='ocrx_word' id='word_1_289' title='bbox 761 3351 961 3420; x_wconf 86' lang='lat' dir='ltr'>cupiat,</span> <span class='ocrx_word' id='word_1_290' title='bbox 992 3351 1199 3404; x_wconf 88' lang='lat' dir='ltr'>laedere</span> <span class='ocrx_word' id='word_1_291' title='bbox 1229 3370 1408 3403; x_wconf 90' lang='lat' dir='ltr'>rumor</span> <span class='ocrx_word' id='word_1_292' title='bbox 1437 3352 1612 3405; x_wconf 87' lang='lat' dir='ltr'>habet.</span> 
     </span>
    </p>

    <p class='ocr_par' dir='ltr' id='par_1_31' title="bbox 379 3421 1754 3561">
     <span class='ocr_line' id='line_1_52' title="bbox 379 3421 1754 3491; baseline 0.002 -19"><span class='ocrx_word' id='word_1_293' title='bbox 379 3421 473 3473; x_wconf 91' lang='lat' dir='ltr'>sed</span> <span class='ocrx_word' id='word_1_294' title='bbox 503 3430 680 3473; x_wconf 87' lang='lat' dir='ltr'>tamen</span> <span class='ocrx_word' id='word_1_295' title='bbox 709 3421 809 3474; x_wconf 91' lang='lat' dir='ltr'>hoc</span> <span class='ocrx_word' id='word_1_296' title='bbox 839 3422 991 3474; x_wconf 87' lang='lat' dir='ltr'>factis</span> <span class='ocrx_word' id='word_1_297' title='bbox 1023 3422 1251 3491; x_wconf 85' lang='lat' dir='ltr'>adiunge</span> <span class='ocrx_word' id='word_1_298' title='bbox 1281 3422 1542 3491; x_wconf 91' lang='lat' dir='ltr'>prioribus</span> <span class='ocrx_word' id='word_1_299' title='bbox 1572 3441 1754 3486; x_wconf 90' lang='lat' dir='ltr'>unum,</span> 
     </span>
     <span class='ocr_line' id='line_1_53' title="bbox 450 3492 1461 3561; baseline 0.001 -17"><span class='ocrx_word' id='word_1_300' title='bbox 450 3511 545 3561; x_wconf 86' lang='lat' dir='ltr'>pro</span> <span class='ocrx_word' id='word_1_301' title='bbox 577 3492 766 3544; x_wconf 89' lang='lat' dir='ltr'>nostris</span> <span class='ocrx_word' id='word_1_302' title='bbox 796 3501 855 3544; x_wconf 91' lang='lat' dir='ltr'>ut</span> <span class='ocrx_word' id='word_1_303' title='bbox 887 3492 956 3545; x_wconf 88' lang='lat' dir='ltr'>sis</span> <span class='ocrx_word' id='word_1_304' title='bbox 987 3492 1265 3545; x_wconf 87' lang='lat' dir='ltr'>ambitiosa</span> <span class='ocrx_word' id='word_1_305' title='bbox 1294 3492 1461 3545; x_wconf 81' lang='lat' dir='ltr'>malis.</span> 
     </span>
    </p>
   </div>
   <div class='ocr_carea' id='block_1_11' title="bbox 2155 615 2158 2047">
    <p class='ocr_par' dir='ltr' id='par_1_32' title="bbox 2155 615 2158 2047">
     <span class='ocr_line' id='line_1_54' title="bbox 2155 615 2158 2047; baseline 0 0"><span class='ocrx_word' id='word_1_306' title='bbox 2155 615 2158 2047; x_wconf 95' lang='lat' dir='ltr'> </span> 
     </span>
    </p>
   </div>
  </div>
 </body>
</html>
