2158 3906
444 293 518 347 34
886 325 889 326 ν
1003 303 1057 346 Ρ.
1090 301 1296 347 oV1D11
1325 299 1596 346 NASONJS

444 406 631 460 ultima
659 405 978 473 Tarquinius
1008 404 1285 458 Romanae.
1310 403 1481 472 gentis
1511 402 1741 454 habebat

516 497 703 547 regna,
734 477 814 528 vir
842 475 1090 536 iniustus,
1121 473 1271 536 fortis
1303 474 1370 526 ad
1401 476 1548 525 arma
1577 482 1771 525 tamen.

448 557 657 618 ceperat
688 548 772 598 hic
804 546 955 606 alias,
987 545 1115 596 alias
1148 553 1405 597 everterat
1435 543 1609 606 urbeS,

333 635 417 674 690
518 629 569 671 et
601 615 973 684 Gabios-turpi
1002 615 1199 667 fecerat
1229 624 1339 668 arte
1370 633 1508 667 suos.
1542 676 1551 687 ἡ

446 707 674 756 namque
704 687 862 738 trium
891 686 1162 748 minimuS,
1193 687 1366 755 proles
1397 685 1676 738 manifesta
1708 683 1962 754 Superbi,

517 760 572 811 in
604 759 803 810 medios
834 757 1009 810 hostes
1038 766 1192 809 nocte
1224 757 1406 808 silente
1437 756 1595 809 venit.

446 830 707 882 nudarant
738 828 965 897 gladios:
998 827 1267 880 ‘occidite'
1300 826 1433 879 dixit
1462 825 1763 879 ‘inermeml

519 902 618 952 hoc
650 899 865 969 cupiant
893 898 1082 950 fratres
1111 897 1538 965 Tarquiniusque
1567 906 1733 966 pater,

334 987 415 1026 695
449 972 539 1040 qui
570 990 688 1023 mea
720 969 919 1023 crudeli
947 969 1199 1021 laceravit
1228 968 1447 1021 verbere
1477 967 1659 1037 terga.'

519 1042 691 1094 dicere
722 1051 781 1093 ut
811 1040 911 1092 hoc
941 1048 1142 1110 posset,
1173 1039 1395 1092 verbera
1424 1057 1612 1108 passus
1644 1045 1771 1091 erat.

447 1115 573 1166 luna
602 1113 718 1164 fuit.
794 1120 1034 1181 spectant
1062 1111 1308 1164 iuvenem
1337 1110 1649 1179 gladiosque
1679 1109 1976 1161 recondunt

518 1194 795 1253 tergaque,
828 1182 1055 1235 deducta
1084 1191 1252 1244 veste,
1283 1190 1463 1233 notata
1492 1180 1690 1232 vident.
1942 1197 1945 1200 ’

448 1257 574 1309 flent
605 1273 838 1322 quoque,
871 1262 921 1306 et
952 1263 1012 1305 ut
1042 1271 1221 1305 secum
1251 1261 1462 1304 tueatur
1492 1252 1653 1314 bella,
1684 1258 1984 1320 precantur.

337 1343 419 1381 700
521 1325 740 1379 callidus
771 1325 968 1394 ignaris
999 1323 1183 1375 adnuit
1210 1323 1298 1376 ille
1328 1322 1469 1374 viris·

448 1398 660 1464 iamque
691 1406 901 1465 potens,
931 1395 1091 1447 misso
1122 1394 1413 1464 genitorem
1445 1393 1675 1463 appellat
1707 1391 1895 1455 amicO,

518 1467 774 1538 perdendi
805 1465 1009 1530 Gabios
1041 1465 1183 1533 quod
1213 1465 1312 1516 sibi
1342 1473 1597 1516 monstret
1626 1464 1740 1516 iter.

449 1539 631 1592 hortus
663 1537 892 1590 odoratis
924 1537 1138 1589 suberat
1168 1535 1487 1588 cultissimus
1517 1534 1711 1596 herbis,

521 1619 695 1663 sectus
725 1609 946 1660 humum
974 1607 1087 1659 rivo
1118 1608 1235 1659 lene
1267 1606 1500 1659 sonantis
1531 1623 1717 1672 aquae.

338 1696 418 1734 705
451 1681 556 1733 illic
587 1679 907 1747 Tarquinius
939 1678 1188 1730 mandata
1217 1678 1434 1730 latentia
1463 1675 1574 1728 nati

521 1751 736 1820 accipit,
767 1759 819 1802 et
848 1750 1000 1819 virga
1028 1749 1136 1801 lilia
1167 1767 1374 1800 summa
1402 1747 1568 1799 metit.

449 1822 663 1874 nuntius
693 1831 753 1873 ut
780 1820 934 1874 rediit
964 1820 1291 1887 decussaque
1320 1819 1429 1870 lilia
1459 1815 1608 1879 dixit,

520 1893 658 1945 filius
690 1897 945 1961 ‘agnosco
975 1890 1118 1942 iussa
1146 1889 1400 1960 parentis'
1433 1889 1521 1941 ait..

449 1983 549 2016 nec
578 1981 746 2014 mora:
779 1961 1102 2032 principibus
1134 1961 1298 2013 caesis
1330 1979 1396 2013 ex
1425 1959 1558 2011 urbe
1589 1957 1823 2021 Gabina,

336 2050 421 2088 710
521 2034 800 2086 traduntur
831 2033 1055 2086 ducibus
1085 2032 1293 2084 moenia
1322 2030 1466 2083 nuda
1497 2029 1621 2082 suis·

392 2141 395 2145 -
452 2124 598 2167 ecce,
630 2104 779 2156 nefas
810 2104 949 2165 viSU,
981 2102 1167 2156 mediis
1199 2102 1452 2154 altaribus
1483 2100 1672 2171 anguis

522 2176 630 2228 exit
660 2184 711 2228 et
742 2174 984 2227 extinctis
1014 2174 1227 2243 ignibus
1259 2182 1381 2226 exta
1409 2173 1563 2242 rapit.

451 2246 739 2300 consulitur
768 2245 1037 2298 Phoebus.
1112 2263 1224 2297 sors
1255 2251 1334 2297 est
1362 2243 1437 2296 ita
1467 2242 1695 2295 reddita:
1728 2242 1910 2295 ‘matri

522 2317 614 2385 qui
645 2316 846 2369 dederit
875 2316 1118 2385 princeps
1149 2314 1353 2376 oscula,
1385 2314 1553 2366 victor
1582 2313 1711 2365 erit.’
1740 2356 1752 2373 ,

338 2403 418 2442 715
452 2388 631 2440 oscula
661 2387 884 2455 quisque
915 2405 1042 2438 suae
1073 2386 1225 2438 matri
1256 2393 1535 2454 properata
1566 2385 1813 2447 tulerunt,

522 2457 628 2510 iion
657 2458 919 2509 intellecto
951 2457 1164 2509 credula
1194 2456 1351 2508 turba
1381 2456 1496 2507 deo·

450 2530 651 2580 Brutus
683 2538 791 2580 erat
825 2527 968 2579 stulti
998 2527 1206 2596 sapiens
1236 2526 1491 2588 imitator,
1523 2534 1583 2577 ut
1613 2534 1751 2578 esset

522 2609 666 2651 tutus
698 2599 765 2650 ab
795 2598 1021 2660 insidiis,
1053 2597 1164 2650 dire
1197 2596 1463 2666 Superbe,
1494 2597 1614 2648 tuis.

451 2671 538 2723 ille
566 2670 969 2739 iacens-pronus
999 2669 1153 2721 matri
1185 2669 1329 2720 dedit
1359 2668 1540 2720 oscula
1569 2667 1784 2729 Terrae,

340 2759 422 2797 720
525 2741 752 2793 creditus
783 2740 984 2792 offenso
1015 2739 1359 2809 procubuisse
1390 2739 1542 2808 pede.

452 2812 679 2881 cingitur
708 2812 906 2864 interea,
935 2810 1190 2863 Romanis
1221 2810 1404 2862 Ardea
1433 2808 1615 2879 signiS,

523 2893 575 2935 et
604 2882 800 2952 patitur
828 2882 1014 2951 longas
1045 2881 1317 2934 obsidione
1346 2899 1537 2933 moras.

453 2954 579 3005 dum
610 2963 786 3016 vacat,
817 2962 866 3006 et
896 2961 1136 3005 metuunt
1168 2952 1344 3004 hostes
1375 2951 1699 3021 committere
1729 2969 1986 3020 pugnam,

520 3024 720 3076 luditur
747 3023 803 3076 in
834 3024 1040 3086 castriS,
1071 3023 1179 3075 otia
1208 3022 1357 3086 miles
1390 3022 1522 3091 agit:
1791 3079 1793 3081 ,

340 3112 419 3150 725
452 3095 771 3162 Tarquinius
800 3094 1006 3147 iuvenis
1036 3094 1206 3146 socios
1237 3093 1567 3162 dapibusque
1598 3109 1848 3159 meroque

525 3165 728 3234 accipit.
803 3184 869 3217 ex
898 3165 998 3216 illis
1029 3183 1155 3233 rege
1186 3173 1392 3216 creat-us
1423 3162 1519 3214 ait:

453 3236 604 3287 ‘dum
635 3254 730 3287 nos
763 3235 1008 3287 sollicitos
1038 3235 1190 3303 pigro
1221 3242 1363 3286 tenet
1392 3233 1576 3285 Ardea
1605 3232 1762 3295 bello,

522 3325 620 3359 nec
651 3305 772 3358 sinit
803 3305 870 3357 ad
899 3305 1097 3374 patrios
1128 3323 1274 3356 arma
1302 3303 1497 3356 referre
1529 3303 1673 3365 deOS,
1706 3319 1711 3324 ’

294 3436 299 3439 ,
454 3377 642 3445 ecquid
672 3377 725 3428 in
757 3375 930 3428 officio
961 3384 1106 3428 torus
1137 3383 1216 3428 est
1246 3373 1483 3427 socialis?
1513 3382 1566 3426 et
1595 3370 1786 3440 ecquid

336 3452 422 3505 730
526 3447 837 3517 coniugibus
868 3446 1057 3500 nostris
1087 3455 1272 3498 mutua
1302 3464 1427 3498 cura
1457 3444 1692 3498 sumus?'
