2158 3906
28 0 130 200 ,ἕ

461 323 811 371 FASTORUM
839 324 961 369 LIB.
993 325 1055 369 ΙΙ.
1088 325 1328 371 602-686.

121 429 348 498 binaque
378 434 517 480 serta
547 425 643 479 tibi
675 426 902 495 binaque
932 426 1041 479 liba
1070 426 1263 480 ferunt.

49 518 143 561 gra
171 499 250 553 fit:
281 498 385 552 huc
413 497 430 550 i
471 516 592 551 nem
623 506 772 549 curto
803 500 905 550 fert
934 497 1130 550 rustica
1161 507 1300 551 testu

123 578 390 640 sumptum
457 587 486 622 e
515 567 706 638 tepidis
736 567 854 637 ipsa
884 568 1068 621 colona
1097 568 1246 621 focis.

43 640 194 714 Bgna
223 658 382 693 senex
411 638 623 700 minuit,
656 639 971 707 concisaque
1003 641 1257 692 construit
1286 648 1398 695 arte

121 719 173 766 et
201 710 366 768 solida
393 728 566 764 ramos
596 709 759 779 figere
791 719 995 779 pugnat
1026 709 1204 763 humo,

46 787 162 850 Cum
190 781 327 835 sicco
358 780 554 851 primas
584 780 762 834 inritat
793 781 984 834 cortice
1016 781 1277 835 flammas:

63 855 81 895 s
121 861 222 906 stat
251 870 383 922 puer
412 861 465 910 et
493 851 737 905 manibus
767 852 875 904 lata
905 852 1132 905 canistra
1162 862 1319 906 tenet.

47 919 170 983 &de
199 922 290 975 ubi
321 932 399 976 ter
427 923 610 993 fruges
641 922 842 976 medios
871 922 1088 976 immisit
1117 923 1172 976 in
1202 923 1357 994 ignis,

13 1028 15 1059 λ
58 986 85 1044 3³]
118 993 338 1064 porrigit
365 993 558 1047 incisos
588 993 696 1046 filia
725 1012 891 1063 parva
920 994 1086 1047 favos.

139 1082 170 1117 a
198 1072 378 1118 tenent
407 1064 511 1119 alii.
584 1064 817 1118 libantur
845 1064 1055 1135 singula
1084 1065 1323 1120 flammis.

13 1187 15 1190 Α
84 1199 86 1201 ‚
116 1144 377 1206 spectant,
409 1146 462 1190 et
490 1135 683 1206 linguis
715 1134 940 1188 candida
969 1135 1125 1188 turba
1155 1136 1314 1189 favet.

85 1210 93 1215 ’
142 1206 310 1276 rgitur
341 1215 393 1259 et
423 1225 576 1263 caeso
607 1206 900 1259 eommunis
931 1206 1211 1258 Terminus
1243 1224 1399 1274 agno,

56 1295 89 1345 ’ς
115 1277 501 1345 nec.queritur,
530 1277 732 1331 lactans
763 1294 883 1329 cum
915 1276 1014 1327 sibi
1045 1294 1204 1346 porca
1235 1276 1406 1328 datur.

12 1347 15 1401 ζ’
45 1342 363 1419 ὠῃνειιίιιιιι
393 1347 762 1414 celebrantque
793 1346 956 1416 dapes
987 1346 1177 1399 vicinia
1208 1347 1448 1416 simplex,

57 1425 73 1453 ⁶·
117 1426 168 1471 et
197 1426 409 1472 cantant
437 1418 644 1480 laudes,
676 1417 925 1479 Termine
957 1428 1158 1480 sancte,
1192 1429 1333 1470 tuas:

42 1489 130 1543 ‘tu
157 1489 377 1560 populos
407 1489 670 1558 urbesque
701 1498 753 1541 et
783 1507 947 1558 regna
976 1488 1211 1559 ingentia
1241 1487 1383 1541 finis:

117 1560 285 1614 omnis
315 1559 413 1614 erit
442 1560 554 1614 sine
585 1570 635 1613 te
665 1558 925 1630 litigiosus
956 1579 1099 1629 ager.

42 1630 189 1687 nulla
216 1630 311 1684 tibi
340 1631 556 1689 ambitio
586 1639 689 1693 est,
720 1630 865 1683 nullo
897 1630 1246 1701 corrumperis
1278 1648 1433 1694 auro;

115 1701 348 1772 legitima
378 1721 556 1756 servas
587 1701 786 1755 credita
815 1720 938 1754 rura
968 1701 1089 1755 fide.

12 1800 15 1807 1
41 1771 92 1829 εἰ
117 1781 175 1826 tu
204 1771 466 1844 signasses
497 1773 622 1827 olim
653 1772 977 1843 Thyreatida
1007 1783 1218 1836 terram,

11 1838 14 1856 '
114 1861 333 1914 corpora
361 1862 468 1898 non
494 1844 602 1898 leto
631 1844 792 1897 missa
822 1853 1055 1897 trecenta
1085 1844 1275 1907 forent,

40 1928 142 1969 nec
170 1914 305 1968 foret
335 1913 640 1986 Othryades
672 1915 935 1985 congestis
966 1915 1133 1968 lectus
1163 1915 1218 1968 in
1248 1916 1424 1969 armis.

113 2002 144 2037 ο
174 1995 429 2054 quantum
459 1987 658 2057 patriae
689 1985 959 2055 sanguinis
990 1986 1076 2040 ille
1108 1985 1273 2040 dedit!

38 2055 193 2129 quid,
223 2075 514 2117 novacum
542 2057 728 2110 fierent
758 2054 1054 2126 Capitolia?
1083 2076 1275 2127 nempe
1306 2057 1527 2112 deorum

52 2134 59 2139 ‘
113 2135 303 2180 cuncta
331 2127 448 2181 Iovi
478 2127 635 2182 cessit
663 2127 818 2180 turba
847 2127 1128 2195 locumque
1159 2128 1326 2180 dedit:

39 2193 322 2252 Terminus
333 2237 347 2262 ,
379 2207 437 2252 ut
467 2208 668 2252 veteres
699 2208 1015 2260 memorant,
1046 2199 1291 2267 inventus
1323 2199 1379 2252 in
1409 2199 1541 2256 aede

110 2269 298 2326 restitit
326 2278 379 2324 et
407 2287 603 2340 magno
635 2289 755 2323 cum
786 2269 915 2322 Iove
946 2270 1141 2339 templa
1170 2279 1328 2322 tenet.

9 2396 11 2400 ,
42 2354 182 2395 nunc
210 2357 446 2409 quoque,
477 2359 534 2394 se
564 2359 723 2410 supra
752 2359 818 2393 ne
848 2340 978 2408 quid
1007 2340 1107 2392 nisi
1139 2340 1311 2393 sidera
1342 2350 1539 2408 cernat,

113 2409 363 2494 exiguum
391 2411 573 2482 templi
602 2420 742 2465 tecta
770 2411 1006 2464 foramen
1040 2411 1252 2464 habent.

39 2476 310 2546 Tertium,
340 2491 459 2552 post
489 2483 617 2536 illud
647 2482 832 2535 levitas
863 2482 959 2536 tibi
987 2482 1154 2535 libera
1183 2501 1291 2535 non
1321 2492 1422 2537 est:

114 2568 217 2620 qua
245 2554 445 2623 positus
476 2553 640 2607 fueris
670 2553 723 2606 in
755 2553 1003 2617 statione,
1035 2572 1208 2616 mane,

41 2639 138 2676 nec
166 2634 223 2676 tu
252 2623 424 2677 vicino
454 2625 737 2695 quicquam
769 2625 998 2678 concede
1028 2626 1254 2695 roganti,

111 2712 176 2748 ne
206 2693 416 2750 videare
445 2696 712 2750 hominem
742 2696 1107 2766 praeposuisse
1138 2696 1279 2748 Iovi:

41 2770 97 2822 et
123 2782 216 2819 seu
245 2767 544 2820 vomeribus
575 2786 669 2822 seu
698 2776 757 2820 tu
786 2767 1065 2836 pulsabere
1095 2767 1291 2827 rastriS‚

112 2835 331 2890 clamato
362 2843 526 2891 “tuus
558 2847 638 2892 est
665 2838 751 2890 hic
782 2857 932 2907 ager,
963 2837 1051 2891 ille
1080 2837 1270 2890 tuusI''
1292 2837 1304 2859 '
1334 2868 1407 2882 -ν
1450 2887 1454 2891 .

43 2913 122 2961 est
149 2907 257 2971 via,
288 2926 425 2976 quae
455 2909 707 2979 populum
739 2908 1036 2962 Laurentes
1067 2909 1212 2962 ducit
1240 2908 1295 2961 in
1325 2927 1499 2979 agrOS‚

112 2979 376 3046 quondam
405 2979 681 3033 Dardanio
712 2998 876 3048 regna
905 2979 1069 3049 petita
1100 2979 1238 3032 duci.

41 3043 131 3101 illa
155 3049 376 3121 lanigeri
405 3050 607 3121 pecoris
637 3050 756 3112 tibi,
787 3050 1058 3113 Termine,
1089 3050 1235 3103 fibris

63 3137 257 3197 'sacra
285 3121 428 3175 videt
456 3122 570 3175 fieri
599 3131 778 3174 sextus
809 3121 877 3173 ab
907 3121 1038 3174 urbe
1067 3121 1218 3191 lapis.

42 3190 286 3264 gentibus
316 3202 396 3246 est
426 3193 540 3246 aliis
571 3193 724 3246 tellus
754 3192 878 3245 data
906 3192 1070 3246 limite
1101 3203 1267 3246 certot

110 3260 383 3318 Romanae
410 3265 639 3334 spatium
669 3273 748 3317 est
776 3263 920 3323 urbis
951 3274 1003 3317 et
1032 3263 1174 3317 orbis
1203 3264 1361 3317 idem.

1690 314 1758 368 33

1789 514 1870 553 645

1785 870 1870 909 650

1783 1224 1866 1263 655

1782 1577 1868 1617 660

1780 1933 1864 1972 665

1777 2290 1864 2329 670

1775 2644 1859 2683 675

1772 2997 1858 3036 680

43 3400 198 3459 Hunc
218 3405 346 3458 mihi
369 3406 591 3461 dicenda
607 3416 683 3461 est
698 3408 839 3490 regi-s·
854 3407 999 3478 fuga.
1032 3408 1190 3460 traxit
1205 3407 1273 3460 ab
1290 3407 1380 3461 illa
1409 3405 1488 3466 24·
1511 3402 1552 3450 G
1572 3380 1775 3451 REGIF
1787 3431 1795 3439 ·
1807 3407 1864 3449 N

70 3506 82 3518 ,
114 3483 289 3528 sextus
320 3477 387 3529 ab
418 3487 650 3531 extremo
680 3497 892 3531 nomina
922 3497 1101 3533 mense
1132 3479 1259 3532 dies,

129 3555 236 3593 ovida·
257 3559 316 3594 1201²
334 3559 403 3594 111.
1427 3562 1456 3605 3

1773 3496 1853 3534 686
