2158 3906
336 342 443 397 228
894 346 948 389 P.
982 345 1189 391 OVIDII
1217 342 1490 390 NASONIS

343 475 441 509 nec
472 463 593 506 tuus
625 459 703 504 est
733 448 939 518 genitor
968 465 1064 499 nos
1095 445 1344 499 infitiatus
1376 444 1589 507 amicos,

284 579 289 581 ,
416 526 648 576 hortator
680 519 840 572 studii
870 536 1134 585 causaque
1165 516 1360 584 faxque
1391 515 1520 568 mei:

347 596 432 649 cui
461 613 556 646 nos
588 601 639 644 et
667 590 933 651 lacrimas,
966 607 1271 658 supremum
1300 587 1356 638 in
1385 587 1569 639 funere
1599 604 1809 648 munUS,

260 686 316 725 30
419 675 470 718 et
501 663 741 716 dedimus
771 659 944 713 medio
966 659 1170 728 scripta
1200 658 1436 711 canenda
1465 657 1597 709 foro,

344 736 481 790 adde
512 733 655 802 quod
686 740 764 785 est
792 731 980 793 frater,
1011 738 1158 782 tanto
1189 729 1286 781 tibi
1314 729 1522 781 iunctus
1554 746 1747 790 amore,

418 814 646 874 quantus
677 802 732 854 in
763 801 966 853 Atridis
997 799 1421 870 Tyndaridisque
1451 798 1574 850 fuit:

345 878 389 930 is
420 895 505 928 me
535 893 633 927 nec
664 873 910 926 comitem
939 890 1037 925 nec
1069 871 1386 939 dedignatus
1417 870 1644 922 amicum
1676 878 1779 922 estt

418 947 462 1000 si
491 956 670 999 tamen
700 944 831 996 haec
860 943 936 995 illi
964 960 1072 994 non
1101 942 1341 994 nocitura
1369 949 1540 1010 putas.

261 1038 314 1077 35
347 1019 390 1072 si
420 1018 618 1080 minus,
650 1015 750 1067 hac
781 1032 992 1083 quoque
1022 1032 1107 1065 me
1137 1012 1449 1065 mendacem
1477 1019 1626 1080 parte
1655 1011 1886 1064 fatebor:

418 1090 597 1142 clausa
626 1086 755 1139 mihi
785 1085 959 1155 potius
989 1093 1101 1137 tota
1131 1083 1198 1136 sit
1225 1083 1327 1136 ista
1357 1083 1560 1134 domus.

349 1161 442 1214 sed
471 1177 643 1228 neque
674 1156 968 1210 claudenda
999 1164 1101 1217 est,
1135 1163 1186 1207 et
1214 1154 1359 1206 nulla
1388 1153 1622 1223 potentia
1651 1152 1788 1206 vires

418 1228 745 1301 praestandi,
775 1247 842 1280 ne
874 1226 1002 1295 quid
1030 1234 1212 1296 peccet
1244 1224 1468 1287 amicuS,
1499 1224 1675 1276 habet.

348 1312 400 1356 et
429 1311 607 1354 tamen
637 1309 697 1352 ut
727 1317 974 1369 cuperem
1005 1298 1216 1366 culpam
1247 1313 1457 1364 quoque
1488 1313 1642 1365 posse
1672 1293 1874 1363 negari,

261 1393 318 1432 40
421 1374 494 1425 sic
523 1371 729 1424 facinus
759 1388 913 1422 nemo
943 1368 1112 1422 nescit
1142 1368 1326 1420 abesse
1356 1366 1501 1418 mihi.

349 1444 492 1512 quod
522 1443 626 1515 nisi
654 1441 831 1494 delicti
861 1460 981 1510 pars
1014 1438 1329 1492 excusabilis
1361 1446 1514 1501 esset,

420 1533 584 1584 parva
612 1512 837 1582 relegari
865 1510 1245 1581 poena-futura
1273 1508 1391 1561 fuit.

349 1587 463 1655 ipse
495 1584 588 1637 sed
618 1583 718 1636 hoc
748 1582 902 1644 vidit,
934 1581 1026 1649 qui
1055 1580 1294 1650 pervidet
1324 1579 1525 1642 omnia,
1560 1577 1776 1642 Caesar,

421 1654 694 1708 stultitiam
726 1653 829 1706 dici
859 1651 1078 1704 crimina
1106 1669 1260 1721 posse
1290 1669 1433 1702 mea:

222 1752 227 1755 ·
263 1745 317 1786 45
350 1744 559 1796 quaque
591 1743 691 1795 ego
722 1723 957 1794 permisi,
990 1740 1199 1791 quaque
1232 1731 1310 1774 est
1339 1740 1422 1773 res
1451 1720 1635 1790 passa,
1667 1719 1919 1789 pepercit,

420 1817 546 1849 usus
579 1805 630 1848 et
660 1804 739 1848 est
768 1794 973 1846 modice
1003 1793 1236 1844 fulminis
1268 1792 1390 1861 igne
1423 1791 1520 1843 sui.

348 1887 447 1921 nec
477 1868 642 1920 vitam
670 1884 769 1918 nec
799 1883 926 1934 opes
956 1882 1054 1916 nec
1086 1863 1281 1915 ademit
1310 1880 1465 1931 posse
1496 1861 1703 1924 reverti,
1776 1911 1780 1914 .

422 1939 465 1991 si
496 1958 591 1990 sua
621 1956 717 2007 per
747 1944 947 1989 vestras
978 1935 1118 1987 victa
1148 1934 1214 1986 sit
1244 1933 1322 1985 ira
1351 1951 1549 2002 preces,
1581 1961 1652 1968 —

350 2020 404 2063 at
433 2009 665 2079 graviter
694 2007 874 2060 cecidi.
949 2005 1078 2074 quid
1109 2005 1249 2058 enim
1279 2003 1541 2063 mirabile,
1573 2002 1618 2054 si
1648 2003 1766 2070 quis

264 2098 320 2138 50
424 2100 454 2133 a
483 2081 612 2133 Iove
642 2096 921 2148 percussus
952 2095 1059 2129 non
1087 2077 1203 2129 leve
1234 2075 1426 2127 vulnus
1455 2073 1647 2127 habet?

348 2152 463 2222 ipse
494 2170 616 2203 suas
649 2150 808 2203 etiam
839 2149 974 2201 vires
1006 2146 1265 2200 inhiberet
1295 2145 1556 2198 Achilles:

420 2222 580 2274 missa
610 2221 786 2291 gravis
817 2219 952 2273 ictus
985 2218 1162 2271 Pelias
1193 2218 1344 2269 hasta
1374 2217 1549 2269 dabat.

350 2293 603 2346 iudicium
634 2292 785 2344 nobis
815 2290 978 2360 igitur
1009 2309 1130 2342 cum
1161 2288 1382 2341 vindicis
1414 2287 1565 2350 adsit,

422 2383 530 2416 non
560 2372 639 2416 est
671 2381 764 2416 cur
794 2371 885 2414 tua
914 2380 999 2413 me
1029 2361 1188 2412 ianua
1217 2378 1371 2411 nosse
1401 2366 1576 2427 neget.

267 2454 321 2492 55
357 2436 497 2489 culta
528 2435 742 2502 quidem
773 2433 986 2500 (fateor)
1017 2432 1169 2492 citra,
1201 2449 1361 2498 quam
1392 2429 1596 2490 debuit,
1627 2428 1716 2480 illa
1747 2437 1848 2481 est:

424 2515 475 2559 et
504 2506 605 2557 fuit
633 2505 688 2556 in
718 2504 839 2555 fatis
871 2503 971 2555 hoc
1002 2519 1236 2570 quoque,
1269 2500 1448 2561 credO,
1479 2499 1627 2552 meis.

352 2577 446 2629 sed
476 2585 653 2627 tamen
685 2574 918 2627 officium
950 2573 1111 2625 sensit
1141 2572 1327 2623 domus
1359 2572 1522 2623 altera
1551 2579 1812 2622 nostrum:

422 2647 531 2708 hic,
562 2646 691 2708 illic,
723 2653 896 2698 vestro
928 2644 1025 2695 sub
1056 2644 1197 2695 Lare
1227 2661 1434 2711 semper
1464 2661 1623 2694 eram.

299 2764 301 2768 ,
352 2736 592 2787 quaeque
624 2726 715 2768 tua
746 2724 824 2768 est
853 2715 1045 2784 pietaS,
1076 2723 1135 2766 ut
1163 2722 1215 2766 te
1244 2731 1350 2764 non
1381 2713 1586 2765 excolat
1614 2712 1806 2781 ipsum,

266 2807 321 2846 60
421 2790 503 2841 ius
536 2787 749 2856 aliquod
778 2795 953 2839 tecum
983 2785 1157 2837 fratris
1188 2783 1387 2837 amicus
1418 2784 1593 2836 hab'et.

352 2860 480 2928 quid
510 2859 674 2927 quod,
706 2867 765 2910 ut
795 2857 1023 2910 emeritis
1052 2856 1329 2909 referenda
1359 2864 1438 2908 est
1466 2853 1638 2924 gratia
1667 2871 1891 2923 semper,

422 2931 497 2982 sic
529 2939 607 2982 est
636 2929 879 2981 fortunae
910 2927 1261 2998 promeruisse
1291 2926 1444 2978 tuae?

351 3002 493 3070 quod
524 3001 567 3053 si
597 3000 854 3071 permittis
884 2999 1036 3051 nobis
1068 2998 1312 3060 suadere,
1343 2996 1471 3066 quid
1501 3004 1666 3066 optes,

423 3081 482 3124 ut
514 3072 628 3135 deS,
661 3089 822 3140 quam
851 3071 1064 3133 reddaS,
1096 3070 1271 3138 plura,
1303 3086 1518 3137 precare
1550 3066 1699 3119 deos!

268 3161 321 3200 65
351 3143 509 3210 idque
541 3142 697 3205 faciS,
730 3150 1091 3210 quantumque
1120 3139 1243 3192 licet
1272 3138 1596 3199 meminisse,
1629 3136 1834 3189 solebas

422 3213 621 3264 *officii
653 3231 813 3264 causa
842 3212 1082 3281 pluribus
1114 3229 1227 3262 esse
1259 3210 1387 3260 dari.
1418 3251 1422 3254 .

349 3284 585 3353 quolibet
613 3283 667 3335 in
698 3300 917 3334 numero
949 3301 1056 3343 me,
1088 3280 1420 3342 Messalline,
1452 3296 1665 3347 repone,

422 3355 522 3406 sim
550 3354 707 3405 modo
738 3371 860 3422 pars
892 3361 1096 3404 vestrae
1126 3369 1232 3403 non
1263 3349 1433 3402 aliena
1464 3350 1674 3401 domus:

350 3435 401 3479 et
431 3425 572 3476 mala
602 3424 894 3484 Nasonem,
927 3422 1176 3491 quoniam
1204 3420 1456 3472 meruisse
1487 3420 1712 3482 videtur,

268 3515 320 3554 70
424 3497 467 3549 si
496 3513 602 3548 non
632 3494 769 3548 ferre
801 3494 967 3556 doles,
1001 3502 1053 3546 at
1082 3492 1334 3545 meruisse
1367 3491 1501 3552 dole.
