<?xml version="1.0" encoding="UTF-8"?>
<!DOCTYPE html PUBLIC "-//W3C//DTD XHTML 1.0 Transitional//EN"
    "http://www.w3.org/TR/xhtml1/DTD/xhtml1-transitional.dtd">
<html xmlns="http://www.w3.org/1999/xhtml" xml:lang="en" lang="en">
 <head>
  <title>
</title>
<meta http-equiv="Content-Type" content="text/html;charset=utf-8" />
  <meta name='ocr-system' content='tesseract 3.04.00' />
  <meta name='ocr-capabilities' content='ocr_page ocr_carea ocr_par ocr_line ocrx_word'/>
</head>
<body>
  <div class='ocr_page' id='page_1' title='image "./carminaov03oviduoft_0227.png"; bbox 0 0 2158 3906; ppageno 0'>
   <div class='ocr_carea' id='block_1_1' title="bbox 459 335 1435 394">
    <p class='ocr_par' dir='ltr' id='par_1_1' title="bbox 459 335 1435 394">
     <span class='ocr_line' id='line_1_1' title="bbox 459 335 1435 394; baseline -0.002 -12"><span class='ocrx_word' id='word_1_1' title='bbox 459 335 773 383; x_wconf 73' lang='lat' dir='ltr'><strong>TmsrmM</strong></span> <span class='ocrx_word' id='word_1_2' title='bbox 802 336 923 382; x_wconf 84' lang='lat' dir='ltr'><strong>LIB.</strong></span> <span class='ocrx_word' id='word_1_3' title='bbox 957 337 1014 382; x_wconf 86' lang='lat' dir='ltr'><strong>v.</strong></span> <span class='ocrx_word' id='word_1_4' title='bbox 1046 336 1131 394; x_wconf 79' lang='grc' dir='ltr'><strong>Ν,</strong></span> <span class='ocrx_word' id='word_1_5' title='bbox 1160 335 1333 393; x_wconf 82' lang='lat' dir='ltr'><strong>27—v,</strong></span> <span class='ocrx_word' id='word_1_6' title='bbox 1364 335 1435 380; x_wconf 84' lang='lat'><strong>62.</strong></span> 
     </span>
    </p>
   </div>
   <div class='ocr_carea' id='block_1_2' title="bbox 17 437 1632 1291">
    <p class='ocr_par' dir='ltr' id='par_1_2' title="bbox 17 437 1632 1291">
     <span class='ocr_line' id='line_1_2' title="bbox 18 437 1324 510; baseline -0.002 -17"><span class='ocrx_word' id='word_1_7' title='bbox 18 504 19 509; x_wconf 13' lang='lat'>¹</span> <span class='ocrx_word' id='word_1_8' title='bbox 95 443 188 499; x_wconf 82' lang='lat' dir='ltr'><strong>illa</strong></span> <span class='ocrx_word' id='word_1_9' title='bbox 217 441 372 495; x_wconf 89' lang='lat' dir='ltr'><strong>domo</strong></span> <span class='ocrx_word' id='word_1_10' title='bbox 402 437 678 510; x_wconf 85' lang='lat' dir='ltr'><strong>patriaque</strong></span> <span class='ocrx_word' id='word_1_11' title='bbox 710 456 807 491; x_wconf 89' lang='lat' dir='ltr'><strong>sua</strong></span> <span class='ocrx_word' id='word_1_12' title='bbox 835 446 1064 507; x_wconf 86' lang='lat' dir='ltr'><strong>nataque</strong></span> <span class='ocrx_word' id='word_1_13' title='bbox 1095 437 1324 491; x_wconf 83' lang='lat' dir='ltr'><strong>fruatur:</strong></span> 
     </span>
     <span class='ocr_line' id='line_1_3' title="bbox 38 508 1202 583; baseline -0.006 -16"><span class='ocrx_word' id='word_1_14' title='bbox 38 513 56 550; x_wconf 46' lang='grc' dir='ltr'><strong>’Ὗ</strong></span> <span class='ocrx_word' id='word_1_15' title='bbox 169 521 347 583; x_wconf 87' lang='lat' dir='ltr'><strong>erepta</strong></span> <span class='ocrx_word' id='word_1_16' title='bbox 377 509 508 563; x_wconf 92' lang='lat' dir='ltr'><strong>haec</strong></span> <span class='ocrx_word' id='word_1_17' title='bbox 538 508 630 562; x_wconf 90' lang='lat' dir='ltr'><strong>uni</strong></span> <span class='ocrx_word' id='word_1_18' title='bbox 661 508 727 561; x_wconf 84' lang='lat' dir='ltr'><strong>sit</strong></span> <span class='ocrx_word' id='word_1_19' title='bbox 757 508 883 562; x_wconf 89' lang='lat' dir='ltr'><strong>satis</strong></span> <span class='ocrx_word' id='word_1_20' title='bbox 914 527 1027 562; x_wconf 79' lang='lat' dir='ltr'><strong>esse</strong></span> <span class='ocrx_word' id='word_1_21' title='bbox 1059 508 1202 562; x_wconf 89' lang='lat' dir='ltr'><strong>mihi.</strong></span> 
     </span>
     <span class='ocr_line' id='line_1_4' title="bbox 18 579 1350 655; baseline -0.005 -17"><span class='ocrx_word' id='word_1_22' title='bbox 18 619 19 622; x_wconf 61' lang='lat'><em>=</em></span> <span class='ocrx_word' id='word_1_23' title='bbox 68 592 356 655; x_wconf 48' lang='lat' dir='ltr'><strong>„quatenus</strong></span> <span class='ocrx_word' id='word_1_24' title='bbox 386 589 439 635; x_wconf 86' lang='lat' dir='ltr'><strong>et</strong></span> <span class='ocrx_word' id='word_1_25' title='bbox 467 597 574 633; x_wconf 92' lang='lat' dir='ltr'><strong>non</strong></span> <span class='ocrx_word' id='word_1_26' title='bbox 605 588 684 633; x_wconf 89' lang='lat' dir='ltr'><strong>est</strong></span> <span class='ocrx_word' id='word_1_27' title='bbox 713 579 768 632; x_wconf 90' lang='lat' dir='ltr'><strong>in</strong></span> <span class='ocrx_word' id='word_1_28' title='bbox 799 597 920 632; x_wconf 88' lang='lat' dir='ltr'><strong>caro</strong></span> <span class='ocrx_word' id='word_1_29' title='bbox 953 579 1176 650; x_wconf 87' lang='lat' dir='ltr'><strong>coniuge</strong></span> <span class='ocrx_word' id='word_1_30' title='bbox 1207 579 1350 642; x_wconf 87' lang='lat' dir='ltr'>felix,</span> 
     </span>
     <span class='ocr_line' id='line_1_5' title="bbox 68 650 1196 726; baseline -0.007 -15"><span class='ocrx_word' id='word_1_31' title='bbox 68 707 70 711; x_wconf 79' lang='grc'>,</span> <span class='ocrx_word' id='word_1_32' title='bbox 168 671 290 726; x_wconf 91' lang='lat' dir='ltr'><strong>pars</strong></span> <span class='ocrx_word' id='word_1_33' title='bbox 320 651 459 706; x_wconf 86' lang='lat' dir='ltr'><strong>vitae</strong></span> <span class='ocrx_word' id='word_1_34' title='bbox 490 650 623 704; x_wconf 85' lang='lat' dir='ltr'><strong>tristi</strong></span> <span class='ocrx_word' id='word_1_35' title='bbox 655 658 828 703; x_wconf 85' lang='lat' dir='ltr'><strong>cetera</strong></span> <span class='ocrx_word' id='word_1_36' title='bbox 856 650 998 703; x_wconf 91' lang='lat' dir='ltr'><strong>nube</strong></span> <span class='ocrx_word' id='word_1_37' title='bbox 1029 660 1196 703; x_wconf 86' lang='lat' dir='ltr'><strong>vacet.</strong></span> 
     </span>
     <span class='ocr_line' id='line_1_6' title="bbox 45 721 1632 791; baseline -0.004 -10"><span class='ocrx_word' id='word_1_38' title='bbox 45 755 62 781; x_wconf 69' lang='grc'><strong>·.,</strong></span> <span class='ocrx_word' id='word_1_39' title='bbox 96 725 240 780; x_wconf 84' lang='lat' dir='ltr'><strong>vivat</strong></span> <span class='ocrx_word' id='word_1_40' title='bbox 269 730 514 791; x_wconf 87' lang='lat' dir='ltr'><strong>ametque</strong></span> <span class='ocrx_word' id='word_1_41' title='bbox 544 721 742 783; x_wconf 87' lang='lat' dir='ltr'><strong>virum,</strong></span> <span class='ocrx_word' id='word_1_42' title='bbox 774 721 1024 789; x_wconf 88' lang='lat' dir='ltr'><strong>quoniam</strong></span> <span class='ocrx_word' id='word_1_43' title='bbox 1056 721 1131 774; x_wconf 91' lang='lat' dir='ltr'><strong>sic</strong></span> <span class='ocrx_word' id='word_1_44' title='bbox 1162 721 1393 791; x_wconf 89' lang='lat' dir='ltr'><strong>cogitur,</strong></span> <span class='ocrx_word' id='word_1_45' title='bbox 1424 721 1632 785; x_wconf 89' lang='lat' dir='ltr'><strong>absens,</strong></span> 
     </span>
     <span class='ocr_line' id='line_1_7' title="bbox 167 791 1368 862; baseline -0.004 -12"><span class='ocrx_word' id='word_1_46' title='bbox 167 802 548 862; x_wconf 78' lang='lat' dir='ltr'><strong>consumatque</strong></span> <span class='ocrx_word' id='word_1_47' title='bbox 578 809 767 854; x_wconf 87' lang='lat' dir='ltr'><strong>annos,</strong></span> <span class='ocrx_word' id='word_1_48' title='bbox 799 791 894 845; x_wconf 90' lang='lat' dir='ltr'><strong>sed</strong></span> <span class='ocrx_word' id='word_1_49' title='bbox 925 791 1196 855; x_wconf 89' lang='lat' dir='ltr'><strong>diuturna,</strong></span> <span class='ocrx_word' id='word_1_50' title='bbox 1228 811 1368 845; x_wconf 88' lang='lat' dir='ltr'><strong>suos.</strong></span> 
     </span>
     <span class='ocr_line' id='line_1_8' title="bbox 63 862 1365 933; baseline -0.004 -12"><span class='ocrx_word' id='word_1_51' title='bbox 63 894 66 900; x_wconf 93' lang='lat'><strong>·</strong></span> <span class='ocrx_word' id='word_1_52' title='bbox 94 865 359 922; x_wconf 77' lang='lat' dir='ltr'><strong>adicerem</strong></span> <span class='ocrx_word' id='word_1_53' title='bbox 389 870 466 918; x_wconf 88' lang='lat' dir='ltr'><strong>‘et</strong></span> <span class='ocrx_word' id='word_1_54' title='bbox 494 862 742 926; x_wconf 86' lang='lat' dir='ltr'><strong>nostros,’</strong></span> <span class='ocrx_word' id='word_1_55' title='bbox 774 862 868 917; x_wconf 90' lang='lat' dir='ltr'><strong>sed</strong></span> <span class='ocrx_word' id='word_1_56' title='bbox 897 881 964 916; x_wconf 92' lang='lat' dir='ltr'><strong>ne</strong></span> <span class='ocrx_word' id='word_1_57' title='bbox 995 863 1240 933; x_wconf 86' lang='lat' dir='ltr'><strong>contagia</strong></span> <span class='ocrx_word' id='word_1_58' title='bbox 1269 862 1365 916; x_wconf 86' lang='lat' dir='ltr'><strong>fati</strong></span> 
     </span>
     <span class='ocr_line' id='line_1_9' title="bbox 168 934 1318 1019; baseline -0.004 -28"><span class='ocrx_word' id='word_1_59' title='bbox 168 944 505 1019; x_wconf 77' lang='lat' dir='ltr'>corrumpant</span> <span class='ocrx_word' id='word_1_60' title='bbox 535 934 718 997; x_wconf 89' lang='lat' dir='ltr'><strong>time0,</strong></span> <span class='ocrx_word' id='word_1_61' title='bbox 749 951 882 1003; x_wconf 90' lang='lat' dir='ltr'><strong>quos</strong></span> <span class='ocrx_word' id='word_1_62' title='bbox 914 934 1023 1005; x_wconf 86' lang='lat' dir='ltr'><strong>agit</strong></span> <span class='ocrx_word' id='word_1_63' title='bbox 1053 934 1166 997; x_wconf 91' lang='lat' dir='ltr'><strong>illa,</strong></span> <span class='ocrx_word' id='word_1_64' title='bbox 1197 934 1318 988; x_wconf 90' lang='lat' dir='ltr'><strong>mei.</strong></span> 
     </span>
     <span class='ocr_line' id='line_1_10' title="bbox 48 1004 1529 1076; baseline -0.004 -13"><span class='ocrx_word' id='word_1_65' title='bbox 48 1014 65 1040; x_wconf 37' lang='lat'><strong>&#39;³&#39;</strong></span> <span class='ocrx_word' id='word_1_66' title='bbox 95 1007 171 1063; x_wconf 87' lang='lat' dir='ltr'><strong>nil</strong></span> <span class='ocrx_word' id='word_1_67' title='bbox 199 1006 398 1061; x_wconf 75' lang='lat' dir='ltr'><strong>homini</strong></span> <span class='ocrx_word' id='word_1_68' title='bbox 428 1014 628 1060; x_wconf 87' lang='lat' dir='ltr'><strong>certum</strong></span> <span class='ocrx_word' id='word_1_69' title='bbox 660 1014 753 1059; x_wconf 86' lang='lat' dir='ltr'><strong>est.</strong></span> <span class='ocrx_word' id='word_1_70' title='bbox 829 1005 942 1058; x_wconf 91' lang='lat' dir='ltr'><strong>fieri</strong></span> <span class='ocrx_word' id='word_1_71' title='bbox 971 1004 1089 1074; x_wconf 89' lang='lat' dir='ltr'><strong>quis</strong></span> <span class='ocrx_word' id='word_1_72' title='bbox 1119 1023 1274 1076; x_wconf 92' lang='lat' dir='ltr'><strong>posse</strong></span> <span class='ocrx_word' id='word_1_73' title='bbox 1342 1014 1529 1069; x_wconf 88' lang='lat' dir='ltr'><strong>utaret,</strong></span> 
     </span>
     <span class='ocr_line' id='line_1_11' title="bbox 166 1074 1475 1147; baseline -0.003 -15"><span class='ocrx_word' id='word_1_74' title='bbox 166 1087 226 1132; x_wconf 83' lang='lat' dir='ltr'><strong>ut</strong></span> <span class='ocrx_word' id='word_1_75' title='bbox 254 1077 485 1132; x_wconf 71' lang='lat' dir='ltr'><strong>tacerem</strong></span> <span class='ocrx_word' id='word_1_76' title='bbox 513 1076 568 1130; x_wconf 92' lang='lat' dir='ltr'><strong>in</strong></span> <span class='ocrx_word' id='word_1_77' title='bbox 597 1076 783 1130; x_wconf 89' lang='lat' dir='ltr'><strong>mediis</strong></span> <span class='ocrx_word' id='word_1_78' title='bbox 812 1074 944 1129; x_wconf 92' lang='lat' dir='ltr'><strong>haec</strong></span> <span class='ocrx_word' id='word_1_79' title='bbox 974 1094 1075 1147; x_wconf 86' lang='lat' dir='ltr'><strong>ego</strong></span> <span class='ocrx_word' id='word_1_80' title='bbox 1107 1094 1256 1129; x_wconf 87' lang='lat' dir='ltr'><strong>sacra</strong></span> <span class='ocrx_word' id='word_1_81' title='bbox 1323 1075 1475 1129; x_wconf 70' lang='lat' dir='ltr'><strong>*etisP</strong></span> 
     </span>
     <span class='ocr_line' id='line_1_12' title="bbox 57 1146 1401 1233; baseline -0.004 -29"><span class='ocrx_word' id='word_1_82' title='bbox 57 1157 73 1181; x_wconf 72' lang='grc'><strong>·”’</strong></span> <span class='ocrx_word' id='word_1_83' title='bbox 96 1149 296 1233; x_wconf 82' lang='lat' dir='ltr'><strong>aspice,</strong></span> <span class='ocrx_word' id='word_1_84' title='bbox 327 1157 386 1202; x_wconf 85' lang='lat' dir='ltr'><strong>ut</strong></span> <span class='ocrx_word' id='word_1_85' title='bbox 416 1167 544 1202; x_wconf 89' lang='lat' dir='ltr'><strong>aura</strong></span> <span class='ocrx_word' id='word_1_86' title='bbox 574 1156 752 1201; x_wconf 89' lang='lat' dir='ltr'><strong>tamen</strong></span> <span class='ocrx_word' id='word_1_87' title='bbox 781 1146 956 1200; x_wconf 86' lang='lat' dir='ltr'><strong>fumos</strong></span> <span class='ocrx_word' id='word_1_88' title='bbox 988 1166 1016 1200; x_wconf 94' lang='lat' dir='ltr'><strong>e</strong></span> <span class='ocrx_word' id='word_1_89' title='bbox 1047 1155 1163 1200; x_wconf 90' lang='lat' dir='ltr'><strong>ture</strong></span> <span class='ocrx_word' id='word_1_90' title='bbox 1195 1156 1401 1200; x_wconf 89' lang='lat' dir='ltr'><strong>coortos</strong></span> 
     </span>
     <span class='ocr_line' id='line_1_13' title="bbox 17 1217 1243 1291; baseline -0.004 -17"><span class='ocrx_word' id='word_1_91' title='bbox 17 1231 18 1236; x_wconf 78' lang='grc'>’</span> <span class='ocrx_word' id='word_1_92' title='bbox 56 1217 72 1234; x_wconf 71' lang='grc'><strong>““</strong></span> <span class='ocrx_word' id='word_1_93' title='bbox 166 1239 221 1274; x_wconf 87' lang='lat' dir='ltr'><strong>m</strong></span> <span class='ocrx_word' id='word_1_94' title='bbox 250 1228 426 1291; x_wconf 90' lang='lat' dir='ltr'><strong>partes</strong></span> <span class='ocrx_word' id='word_1_95' title='bbox 458 1218 620 1275; x_wconf 85' lang='lat' dir='ltr'><strong>Italas</strong></span> <span class='ocrx_word' id='word_1_96' title='bbox 652 1227 704 1273; x_wconf 87' lang='lat' dir='ltr'><strong>et</strong></span> <span class='ocrx_word' id='word_1_97' title='bbox 732 1218 849 1272; x_wconf 87' lang='lat' dir='ltr'><strong>loca</strong></span> <span class='ocrx_word' id='word_1_98' title='bbox 878 1217 1065 1271; x_wconf 86' lang='lat' dir='ltr'><strong>dextra</strong></span> <span class='ocrx_word' id='word_1_99' title='bbox 1093 1217 1243 1270; x_wconf 86' lang='lat' dir='ltr'><strong>ferat.</strong></span> 
     </span>
    </p>
   </div>
   <div class='ocr_carea' id='block_1_3' title="bbox 44 799 81 1166">
    <p class='ocr_par' dir='ltr' id='par_1_3' title="bbox 44 799 81 1166">
     <span class='ocr_line' id='line_1_14' title="bbox 44 799 81 1166; textangle 90"><span class='ocrx_word' id='word_1_100' title='bbox 56 1058 81 1166; x_wconf 49' lang='lat' dir='ltr'><strong>*vr*</strong></span> <span class='ocrx_word' id='word_1_101' title='bbox 56 908 73 1013; x_wconf 41' lang='grc'><strong>,-.-</strong></span> <span class='ocrx_word' id='word_1_102' title='bbox 46 846 66 876; x_wconf 46' lang='grc' dir='ltr'><strong>ἡ.</strong></span> <span class='ocrx_word' id='word_1_103' title='bbox 44 799 66 810; x_wconf 69' lang='lat' dir='ltr'>z</span> 
     </span>
    </p>
   </div>
   <div class='ocr_carea' id='block_1_4' title="bbox 57 1186 64 1212">
    <p class='ocr_par' dir='ltr' id='par_1_4' title="bbox 57 1186 64 1212">
     <span class='ocr_line' id='line_1_15' title="bbox 57 1186 64 1212; textangle 90"><span class='ocrx_word' id='word_1_104' title='bbox 57 1186 64 1212; x_wconf 73' lang='lat'><strong>.-</strong></span> 
     </span>
    </p>
   </div>
   <div class='ocr_carea' id='block_1_5' title="bbox 1704 325 1806 379">
    <p class='ocr_par' dir='ltr' id='par_1_5' title="bbox 1704 325 1806 379">
     <span class='ocr_line' id='line_1_16' title="bbox 1704 325 1806 379; baseline 0 -1"><span class='ocrx_word' id='word_1_105' title='bbox 1704 325 1806 379; x_wconf 89' lang='grc'><strong>189</strong></span> 
     </span>
    </p>
   </div>
   <div class='ocr_carea' id='block_1_6' title="bbox 1837 525 1892 564">
    <p class='ocr_par' dir='ltr' id='par_1_6' title="bbox 1837 525 1892 564">
     <span class='ocr_line' id='line_1_17' title="bbox 1837 525 1892 564; baseline 0.018 -1"><span class='ocrx_word' id='word_1_106' title='bbox 1837 525 1892 564; x_wconf 86' lang='grc'><strong>20</strong></span> 
     </span>
    </p>
   </div>
   <div class='ocr_carea' id='block_1_7' title="bbox 1835 879 1888 918">
    <p class='ocr_par' dir='ltr' id='par_1_7' title="bbox 1835 879 1888 918">
     <span class='ocr_line' id='line_1_18' title="bbox 1835 879 1888 918; baseline 0.019 -1"><span class='ocrx_word' id='word_1_107' title='bbox 1835 879 1888 918; x_wconf 86' lang='grc'><strong>25</strong></span> 
     </span>
    </p>
   </div>
   <div class='ocr_carea' id='block_1_8' title="bbox 1837 1233 1892 1272">
    <p class='ocr_par' dir='ltr' id='par_1_8' title="bbox 1837 1233 1892 1272">
     <span class='ocr_line' id='line_1_19' title="bbox 1837 1233 1892 1272; baseline 0 0"><span class='ocrx_word' id='word_1_108' title='bbox 1837 1233 1892 1272; x_wconf 88' lang='grc'><strong>30</strong></span> 
     </span>
    </p>
   </div>
   <div class='ocr_carea' id='block_1_9' title="bbox 52 1242 77 1367">
    <p class='ocr_par' dir='ltr' id='par_1_9' title="bbox 52 1242 77 1367">
     <span class='ocr_line' id='line_1_20' title="bbox 52 1242 77 1367; textangle 90"><span class='ocrx_word' id='word_1_109' title='bbox 56 1356 61 1367; x_wconf 74' lang='grc'><em>”</em></span> <span class='ocrx_word' id='word_1_110' title='bbox 52 1242 77 1311; x_wconf 43' lang='lat' dir='ltr'><strong>zurz—</strong></span> 
     </span>
    </p>
   </div>
   <div class='ocr_carea' id='block_1_10' title="bbox 15 1286 1555 1784">
    <p class='ocr_par' dir='ltr' id='par_1_10' title="bbox 16 1286 1452 1372">
     <span class='ocr_line' id='line_1_21' title="bbox 16 1286 1452 1372; baseline -0.005 -25"><span class='ocrx_word' id='word_1_111' title='bbox 16 1303 18 1355; x_wconf 67' lang='grc' dir='ltr'>ζ</span> <span class='ocrx_word' id='word_1_112' title='bbox 52 1315 74 1350; x_wconf 57' lang='grc' dir='ltr'>τ</span> <span class='ocrx_word' id='word_1_113' title='bbox 94 1309 282 1346; x_wconf 79' lang='lat' dir='ltr'><strong>sensus</strong></span> <span class='ocrx_word' id='word_1_114' title='bbox 312 1291 449 1344; x_wconf 86' lang='lat' dir='ltr'><strong>inest</strong></span> <span class='ocrx_word' id='word_1_115' title='bbox 478 1289 641 1372; x_wconf 75' lang='lat' dir='ltr'><strong>igitur</strong></span> <span class='ocrx_word' id='word_1_116' title='bbox 669 1288 900 1350; x_wconf 90' lang='lat' dir='ltr'><strong>nebulis,</strong></span> <span class='ocrx_word' id='word_1_117' title='bbox 932 1306 1064 1356; x_wconf 89' lang='lat' dir='ltr'><strong>quas</strong></span> <span class='ocrx_word' id='word_1_118' title='bbox 1095 1287 1259 1357; x_wconf 84' lang='lat' dir='ltr'><strong>exigit</strong></span> <span class='ocrx_word' id='word_1_119' title='bbox 1288 1286 1452 1357; x_wconf 84' lang='lat' dir='ltr'><strong>ignis:</strong></span> 
     </span>
    </p>

    <p class='ocr_par' dir='ltr' id='par_1_11' title="bbox 15 1358 1322 1431">
     <span class='ocr_line' id='line_1_22' title="bbox 15 1358 1322 1431; baseline -0.003 -18"><span class='ocrx_word' id='word_1_120' title='bbox 15 1379 17 1413; x_wconf 69' lang='lat'>4</span> <span class='ocrx_word' id='word_1_121' title='bbox 54 1369 74 1427; x_wconf 50' lang='lat'><strong>¹3‘</strong></span> <span class='ocrx_word' id='word_1_122' title='bbox 167 1361 383 1416; x_wconf 88' lang='lat' dir='ltr'><strong>consilio</strong></span> <span class='ocrx_word' id='word_1_123' title='bbox 413 1360 629 1431; x_wconf 80' lang='lat' dir='ltr'><strong>fuglunt</strong></span> <span class='ocrx_word' id='word_1_124' title='bbox 659 1359 894 1421; x_wconf 86' lang='lat' dir='ltr'><strong>aethera,</strong></span> <span class='ocrx_word' id='word_1_125' title='bbox 924 1358 1122 1421; x_wconf 89' lang='lat' dir='ltr'><strong>Ponte,</strong></span> <span class='ocrx_word' id='word_1_126' title='bbox 1154 1367 1322 1411; x_wconf 90' lang='lat' dir='ltr'><strong>tuum.</strong></span> 
     </span>
    </p>

    <p class='ocr_par' dir='ltr' id='par_1_12' title="bbox 16 1428 1362 1495">
     <span class='ocr_line' id='line_1_23' title="bbox 16 1428 1362 1495; baseline -0.007 -5"><span class='ocrx_word' id='word_1_127' title='bbox 16 1435 17 1443; x_wconf 71' lang='grc'>’</span> <span class='ocrx_word' id='word_1_128' title='bbox 48 1428 74 1490; x_wconf 54' lang='grc' dir='ltr'><strong>’ἵ</strong></span> <span class='ocrx_word' id='word_1_129' title='bbox 92 1432 336 1495; x_wconf 89' lang='lat' dir='ltr'><strong>consili0‚</strong></span> <span class='ocrx_word' id='word_1_130' title='bbox 368 1449 646 1487; x_wconf 85' lang='lat' dir='ltr'><strong>commune</strong></span> <span class='ocrx_word' id='word_1_131' title='bbox 676 1448 885 1484; x_wconf 88' lang='lat' dir='ltr'><strong>sacrum</strong></span> <span class='ocrx_word' id='word_1_132' title='bbox 915 1446 1036 1482; x_wconf 89' lang='lat' dir='ltr'><strong>cum</strong></span> <span class='ocrx_word' id='word_1_133' title='bbox 1066 1429 1157 1481; x_wconf 86' lang='lat' dir='ltr'><strong>fiat</strong></span> <span class='ocrx_word' id='word_1_134' title='bbox 1187 1429 1241 1481; x_wconf 89' lang='lat' dir='ltr'><strong>in</strong></span> <span class='ocrx_word' id='word_1_135' title='bbox 1271 1446 1362 1481; x_wconf 89' lang='lat' dir='ltr'><strong>ara</strong></span> 
     </span>
    </p>

    <p class='ocr_par' dir='ltr' id='par_1_13' title="bbox 16 1475 1234 1589">
     <span class='ocr_line' id='line_1_24' title="bbox 37 1475 1234 1589; baseline -0.005 -31.103"><span class='ocrx_word' id='word_1_136' title='bbox 37 1475 78 1589; x_wconf 60' lang='grc' dir='ltr'>ξ</span> <span class='ocrx_word' id='word_1_137' title='bbox 166 1503 441 1566; x_wconf 85' lang='lat' dir='ltr'><strong>fratribus,</strong></span> <span class='ocrx_word' id='word_1_138' title='bbox 472 1502 672 1556; x_wconf 87' lang='lat' dir='ltr'><strong>alterna</strong></span> <span class='ocrx_word' id='word_1_139' title='bbox 702 1501 794 1569; x_wconf 92' lang='lat' dir='ltr'><strong>qui</strong></span> <span class='ocrx_word' id='word_1_140' title='bbox 824 1499 1027 1571; x_wconf 83' lang='lat' dir='ltr'><strong>periere</strong></span> <span class='ocrx_word' id='word_1_141' title='bbox 1056 1518 1234 1562; x_wconf 90' lang='lat' dir='ltr'><strong>manu,</strong></span> 
     </span>
    </p>

    <p class='ocr_par' dir='ltr' id='par_1_14' title="bbox 15 1569 1455 1656">
     <span class='ocr_line' id='line_1_25' title="bbox 15 1569 1455 1656; baseline -0.003 -27"><span class='ocrx_word' id='word_1_142' title='bbox 15 1579 17 1603; x_wconf 67' lang='lat'><em>*</em></span> <span class='ocrx_word' id='word_1_143' title='bbox 56 1574 211 1656; x_wconf 42' lang='lat' dir='ltr'><strong>¹{ipsa</strong></span> <span class='ocrx_word' id='word_1_144' title='bbox 241 1573 341 1628; x_wconf 82' lang='lat' dir='ltr'><strong>sibi</strong></span> <span class='ocrx_word' id='word_1_145' title='bbox 371 1573 595 1635; x_wconf 87' lang='lat' dir='ltr'><strong>discors,</strong></span> <span class='ocrx_word' id='word_1_146' title='bbox 626 1580 897 1641; x_wconf 84' lang='lat' dir='ltr'><strong>tamquam</strong></span> <span class='ocrx_word' id='word_1_147' title='bbox 928 1570 1208 1624; x_wconf 86' lang='lat' dir='ltr'><strong>mandetur</strong></span> <span class='ocrx_word' id='word_1_148' title='bbox 1237 1569 1306 1623; x_wconf 90' lang='lat' dir='ltr'><strong>ab</strong></span> <span class='ocrx_word' id='word_1_149' title='bbox 1336 1569 1455 1633; x_wconf 83' lang='lat' dir='ltr'><strong>illis,</strong></span> 
     </span>
    </p>

    <p class='ocr_par' dir='ltr' id='par_1_15' title="bbox 55 1641 1245 1718">
     <span class='ocr_line' id='line_1_26' title="bbox 55 1641 1245 1718; baseline -0.005 -18"><span class='ocrx_word' id='word_1_150' title='bbox 55 1700 62 1718; x_wconf 32' lang='lat' dir='ltr'><em>s</em></span> <span class='ocrx_word' id='word_1_151' title='bbox 167 1643 420 1700; x_wconf 83' lang='lat' dir='ltr'><strong>scinditur</strong></span> <span class='ocrx_word' id='word_1_152' title='bbox 448 1643 504 1697; x_wconf 91' lang='lat' dir='ltr'><strong>in</strong></span> <span class='ocrx_word' id='word_1_153' title='bbox 532 1651 708 1714; x_wconf 89' lang='lat' dir='ltr'><strong>partes</strong></span> <span class='ocrx_word' id='word_1_154' title='bbox 740 1651 855 1695; x_wconf 89' lang='lat' dir='ltr'><strong>atra</strong></span> <span class='ocrx_word' id='word_1_155' title='bbox 884 1641 1066 1695; x_wconf 88' lang='lat' dir='ltr'><strong>favilla</strong></span> <span class='ocrx_word' id='word_1_156' title='bbox 1095 1641 1245 1695; x_wconf 88' lang='lat' dir='ltr'><strong>duas.</strong></span> 
     </span>
    </p>

    <p class='ocr_par' dir='ltr' id='par_1_16' title="bbox 46 1710 1555 1784">
     <span class='ocr_line' id='line_1_27' title="bbox 46 1710 1555 1784; baseline -0.004 -13"><span class='ocrx_word' id='word_1_157' title='bbox 46 1715 75 1762; x_wconf 56' lang='grc' dir='ltr'><strong>’ἴ</strong></span> <span class='ocrx_word' id='word_1_158' title='bbox 94 1715 219 1780; x_wconf 91' lang='lat' dir='ltr'><strong>hoc,</strong></span> <span class='ocrx_word' id='word_1_159' title='bbox 249 1713 487 1778; x_wconf 89' lang='lat' dir='ltr'><strong>memini,</strong></span> <span class='ocrx_word' id='word_1_160' title='bbox 519 1713 787 1783; x_wconf 89' lang='lat' dir='ltr'><strong>quondam</strong></span> <span class='ocrx_word' id='word_1_161' title='bbox 817 1712 930 1767; x_wconf 89' lang='lat' dir='ltr'><strong>fieri</strong></span> <span class='ocrx_word' id='word_1_162' title='bbox 961 1731 1067 1766; x_wconf 91' lang='lat' dir='ltr'><strong>non</strong></span> <span class='ocrx_word' id='word_1_163' title='bbox 1096 1730 1251 1784; x_wconf 89' lang='lat' dir='ltr'><strong>posse</strong></span> <span class='ocrx_word' id='word_1_164' title='bbox 1281 1710 1555 1781; x_wconf 86' lang='lat' dir='ltr'><strong>loquebar,</strong></span> 
     </span>
    </p>
   </div>
   <div class='ocr_carea' id='block_1_11' title="bbox 0 1340 16 1528">
    <p class='ocr_par' dir='ltr' id='par_1_17' title="bbox 0 1340 16 1528">
     <span class='ocr_line' id='line_1_28' title="bbox 0 1340 16 1528; baseline 0 0"><span class='ocrx_word' id='word_1_165' title='bbox 0 1340 16 1528; x_wconf 95' lang='lat' dir='ltr'><strong>  </strong></span> 
     </span>
    </p>
   </div>
   <div class='ocr_carea' id='block_1_12' title="bbox 1838 1586 1892 1626">
    <p class='ocr_par' dir='ltr' id='par_1_18' title="bbox 1838 1586 1892 1626">
     <span class='ocr_line' id='line_1_29' title="bbox 1838 1586 1892 1626; baseline 0 0"><span class='ocrx_word' id='word_1_166' title='bbox 1838 1586 1892 1626; x_wconf 85' lang='lat'><strong>35</strong></span> 
     </span>
    </p>
   </div>
   <div class='ocr_carea' id='block_1_13' title="bbox 21 1783 1547 3559">
    <p class='ocr_par' dir='ltr' id='par_1_19' title="bbox 21 1783 1547 3559">
     <span class='ocr_line' id='line_1_30' title="bbox 67 1783 1200 1842; baseline -0.004 -1"><span class='ocrx_word' id='word_1_167' title='bbox 67 1839 69 1841; x_wconf 80' lang='grc'>,</span> <span class='ocrx_word' id='word_1_168' title='bbox 166 1795 219 1842; x_wconf 82' lang='lat' dir='ltr'><strong>et</strong></span> <span class='ocrx_word' id='word_1_169' title='bbox 246 1805 331 1841; x_wconf 84' lang='lat' dir='ltr'><strong>mc</strong></span> <span class='ocrx_word' id='word_1_170' title='bbox 362 1785 634 1839; x_wconf 85' lang='lat' dir='ltr'><strong>Battiades</strong></span> <span class='ocrx_word' id='word_1_171' title='bbox 663 1784 838 1839; x_wconf 84' lang='lat' dir='ltr'><strong>iudice</strong></span> <span class='ocrx_word' id='word_1_172' title='bbox 868 1783 1034 1837; x_wconf 86' lang='lat' dir='ltr'><strong>falsus</strong></span> <span class='ocrx_word' id='word_1_173' title='bbox 1066 1793 1200 1838; x_wconf 84' lang='lat' dir='ltr'><strong>erat:</strong></span> 
     </span>
     <span class='ocr_line' id='line_1_31' title="bbox 93 1854 1547 1920; baseline -0.003 -8.137"><span class='ocrx_word' id='word_1_174' title='bbox 93 1857 271 1913; x_wconf 83' lang='lat' dir='ltr'><strong>omnia</strong></span> <span class='ocrx_word' id='word_1_175' title='bbox 299 1874 441 1912; x_wconf 92' lang='lat' dir='ltr'><strong>nunc</strong></span> <span class='ocrx_word' id='word_1_176' title='bbox 472 1856 653 1920; x_wconf 89' lang='lat' dir='ltr'><strong>cred0,</strong></span> <span class='ocrx_word' id='word_1_177' title='bbox 683 1874 806 1909; x_wconf 90' lang='lat' dir='ltr'><strong>cum</strong></span> <span class='ocrx_word' id='word_1_178' title='bbox 834 1865 893 1909; x_wconf 90' lang='lat' dir='ltr'><strong>tu</strong></span> <span class='ocrx_word' id='word_1_179' title='bbox 922 1873 1029 1908; x_wconf 89' lang='lat' dir='ltr'><strong>non</strong></span> <span class='ocrx_word' id='word_1_180' title='bbox 1060 1855 1249 1909; x_wconf 87' lang='lat' dir='ltr'><strong>stultus</strong></span> <span class='ocrx_word' id='word_1_181' title='bbox 1280 1854 1349 1908; x_wconf 91' lang='lat' dir='ltr'><strong>ab</strong></span> <span class='ocrx_word' id='word_1_182' title='bbox 1379 1855 1547 1909; x_wconf 89' lang='lat' dir='ltr'><strong>Arcto</strong></span> 
     </span>
     <span class='ocr_line' id='line_1_32' title="bbox 167 1926 1427 2012; baseline -0.004 -28.425"><span class='ocrx_word' id='word_1_183' title='bbox 167 1942 340 2012; x_wconf 78' lang='lat' dir='ltr'><strong>terga,</strong></span> <span class='ocrx_word' id='word_1_184' title='bbox 372 1947 438 1982; x_wconf 86' lang='lat' dir='ltr'><strong>va</strong></span> <span class='ocrx_word' id='word_1_185' title='bbox 478 1945 560 1991; x_wconf 94' lang='lat' dir='ltr'><strong>or,</strong></span> <span class='ocrx_word' id='word_1_186' title='bbox 592 1926 798 1982; x_wconf 88' lang='lat' dir='ltr'><strong>dederis</strong></span> <span class='ocrx_word' id='word_1_187' title='bbox 827 1926 1230 1995; x_wconf 85' lang='lat' dir='ltr'><strong>Ausoniamque</strong></span> <span class='ocrx_word' id='word_1_188' title='bbox 1261 1935 1427 1997; x_wconf 86' lang='lat' dir='ltr'><strong>petas.</strong></span> 
     </span>
     <span class='ocr_line' id='line_1_33' title="bbox 57 1996 1431 2071; baseline -0.004 -16"><span class='ocrx_word' id='word_1_189' title='bbox 57 1999 227 2061; x_wconf 56' lang='lat' dir='ltr'><strong>{haec</strong></span> <span class='ocrx_word' id='word_1_190' title='bbox 255 1999 418 2071; x_wconf 77' lang='lat' dir='ltr'><strong>lgitur</strong></span> <span class='ocrx_word' id='word_1_191' title='bbox 467 2018 540 2052; x_wconf 85' lang='lat' dir='ltr'><strong>ux</strong></span> <span class='ocrx_word' id='word_1_192' title='bbox 569 2006 671 2062; x_wconf 85' lang='lat' dir='ltr'><strong>est,</strong></span> <span class='ocrx_word' id='word_1_193' title='bbox 705 2015 842 2067; x_wconf 88' lang='lat' dir='ltr'><strong>quae</strong></span> <span class='ocrx_word' id='word_1_194' title='bbox 873 1997 918 2051; x_wconf 87' lang='lat' dir='ltr'><strong>si</strong></span> <span class='ocrx_word' id='word_1_195' title='bbox 947 2015 1054 2051; x_wconf 90' lang='lat' dir='ltr'><strong>non</strong></span> <span class='ocrx_word' id='word_1_196' title='bbox 1083 2007 1198 2050; x_wconf 80' lang='lat' dir='ltr'><strong>orta</strong></span> <span class='ocrx_word' id='word_1_197' title='bbox 1228 1996 1431 2059; x_wconf 81' lang='lat' dir='ltr'><strong>suisset,</strong></span> 
     </span>
     <span class='ocr_line' id='line_1_34' title="bbox 52 2068 1260 2125; baseline -0.004 0"><span class='ocrx_word' id='word_1_198' title='bbox 52 2078 63 2123; x_wconf 66' lang='grc' dir='ltr'>ξ</span> <span class='ocrx_word' id='word_1_199' title='bbox 88 2104 91 2108; x_wconf 83' lang='grc'><strong>-</strong></span> <span class='ocrx_word' id='word_1_200' title='bbox 165 2072 310 2125; x_wconf 89' lang='lat' dir='ltr'><strong>nulla</strong></span> <span class='ocrx_word' id='word_1_201' title='bbox 338 2069 469 2123; x_wconf 90' lang='lat' dir='ltr'><strong>mihi</strong></span> <span class='ocrx_word' id='word_1_202' title='bbox 498 2069 689 2123; x_wconf 89' lang='lat' dir='ltr'><strong>misero</strong></span> <span class='ocrx_word' id='word_1_203' title='bbox 720 2069 858 2123; x_wconf 89' lang='lat' dir='ltr'><strong>festa</strong></span> <span class='ocrx_word' id='word_1_204' title='bbox 886 2068 1115 2122; x_wconf 86' lang='lat' dir='ltr'><strong>videnda</strong></span> <span class='ocrx_word' id='word_1_205' title='bbox 1144 2068 1260 2121; x_wconf 85' lang='lat' dir='ltr'><strong>suit.</strong></span> 
     </span>
     <span class='ocr_line' id='line_1_35' title="bbox 92 2139 1260 2208; baseline -0.002 -12.085"><span class='ocrx_word' id='word_1_206' title='bbox 92 2141 260 2197; x_wconf 84' lang='lat' dir='ltr'><strong>edidit</strong></span> <span class='ocrx_word' id='word_1_207' title='bbox 288 2141 420 2195; x_wconf 88' lang='lat' dir='ltr'><strong>haec</strong></span> <span class='ocrx_word' id='word_1_208' title='bbox 450 2158 621 2194; x_wconf 90' lang='lat' dir='ltr'><strong>mores</strong></span> <span class='ocrx_word' id='word_1_209' title='bbox 650 2140 751 2193; x_wconf 89' lang='lat' dir='ltr'><strong>illis</strong></span> <span class='ocrx_word' id='word_1_210' title='bbox 782 2139 1012 2193; x_wconf 84' lang='lat' dir='ltr'><strong>heroisin</strong></span> <span class='ocrx_word' id='word_1_211' title='bbox 1044 2157 1260 2208; x_wconf 76' lang='lat' dir='ltr'><strong>aequOS,</strong></span> 
     </span>
     <span class='ocr_line' id='line_1_36' title="bbox 58 2210 1190 2283; baseline -0.004 -16"><span class='ocrx_word' id='word_1_212' title='bbox 58 2214 66 2275; x_wconf 70' lang='grc' dir='ltr'><strong>ζ’</strong></span> <span class='ocrx_word' id='word_1_213' title='bbox 165 2212 282 2283; x_wconf 89' lang='lat' dir='ltr'><strong>quis</strong></span> <span class='ocrx_word' id='word_1_214' title='bbox 313 2221 426 2266; x_wconf 90' lang='lat' dir='ltr'><strong>erat</strong></span> <span class='ocrx_word' id='word_1_215' title='bbox 454 2210 648 2266; x_wconf 85' lang='lat' dir='ltr'><strong>Eetion</strong></span> <span class='ocrx_word' id='word_1_216' title='bbox 678 2211 987 2280; x_wconf 86' lang='lat' dir='ltr'><strong>Icariusque</strong></span> <span class='ocrx_word' id='word_1_217' title='bbox 1017 2220 1190 2280; x_wconf 84' lang='lat' dir='ltr'><strong>pater3</strong></span> 
     </span>
     <span class='ocr_line' id='line_1_37' title="bbox 63 2280 1530 2356; baseline -0.003 -17"><span class='ocrx_word' id='word_1_218' title='bbox 63 2303 68 2308; x_wconf 92' lang='grc'><em>·</em></span> <span class='ocrx_word' id='word_1_219' title='bbox 92 2292 220 2339; x_wconf 89' lang='lat' dir='ltr'><strong>nata</strong></span> <span class='ocrx_word' id='word_1_220' title='bbox 248 2283 503 2356; x_wconf 88' lang='lat' dir='ltr'><strong>pudicitia</strong></span> <span class='ocrx_word' id='word_1_221' title='bbox 533 2290 612 2336; x_wconf 88' lang='lat' dir='ltr'><strong>est</strong></span> <span class='ocrx_word' id='word_1_222' title='bbox 640 2300 740 2336; x_wconf 92' lang='lat' dir='ltr'><strong>nec</strong></span> <span class='ocrx_word' id='word_1_223' title='bbox 767 2299 875 2335; x_wconf 91' lang='lat' dir='ltr'><strong>non</strong></span> <span class='ocrx_word' id='word_1_224' title='bbox 903 2281 1245 2352; x_wconf 88' lang='lat' dir='ltr'><strong>probitasque</strong></span> <span class='ocrx_word' id='word_1_225' title='bbox 1274 2280 1530 2350; x_wconf 89' lang='lat' dir='ltr'><strong>fidesque,</strong></span> 
     </span>
     <span class='ocr_line' id='line_1_38' title="bbox 144 2352 1418 2415; baseline -0.002 -7"><span class='ocrx_word' id='word_1_226' title='bbox 144 2363 220 2415; x_wconf 53' lang='lat' dir='ltr'><strong>„at</strong></span> <span class='ocrx_word' id='word_1_227' title='bbox 249 2372 356 2408; x_wconf 90' lang='lat' dir='ltr'><strong>non</strong></span> <span class='ocrx_word' id='word_1_228' title='bbox 385 2362 508 2408; x_wconf 85' lang='lat' dir='ltr'><strong>sunt</strong></span> <span class='ocrx_word' id='word_1_229' title='bbox 536 2353 638 2407; x_wconf 88' lang='lat' dir='ltr'><strong>ista</strong></span> <span class='ocrx_word' id='word_1_230' title='bbox 707 2353 864 2406; x_wconf 88' lang='lat' dir='ltr'><strong>audia</strong></span> <span class='ocrx_word' id='word_1_231' title='bbox 893 2361 1017 2405; x_wconf 87' lang='lat' dir='ltr'><strong>nata</strong></span> <span class='ocrx_word' id='word_1_232' title='bbox 1047 2352 1149 2414; x_wconf 89' lang='lat' dir='ltr'><strong>die,</strong></span> <span class='ocrx_word' id='word_1_233' title='bbox 1414 2367 1418 2371; x_wconf 81' lang='grc'><em>“</em></span> 
     </span>
     <span class='ocr_line' id='line_1_39' title="bbox 62 2372 1465 2494; baseline -0.004 -14"><span class='ocrx_word' id='word_1_234' title='bbox 62 2431 65 2462; x_wconf 74' lang='lat'>³</span> <span class='ocrx_word' id='word_1_235' title='bbox 94 2426 189 2480; x_wconf 84' lang='lat' dir='ltr'><strong>sed</strong></span> <span class='ocrx_word' id='word_1_236' title='bbox 217 2425 366 2481; x_wconf 88' lang='lat' dir='ltr'><strong>labor</strong></span> <span class='ocrx_word' id='word_1_237' title='bbox 395 2434 448 2480; x_wconf 84' lang='lat' dir='ltr'><strong>et</strong></span> <span class='ocrx_word' id='word_1_238' title='bbox 478 2443 635 2479; x_wconf 87' lang='lat' dir='ltr'><strong>curae</strong></span> <span class='ocrx_word' id='word_1_239' title='bbox 666 2372 982 2493; x_wconf 51' lang='lat' dir='ltr'><strong>{ortumque</strong></span> <span class='ocrx_word' id='word_1_240' title='bbox 1012 2423 1247 2476; x_wconf 87' lang='lat' dir='ltr'><strong>moribus</strong></span> <span class='ocrx_word' id='word_1_241' title='bbox 1278 2423 1465 2494; x_wconf 89' lang='lat' dir='ltr'><strong>impar,</strong></span> 
     </span>
     <span class='ocr_line' id='line_1_40' title="bbox 52 2495 1299 2567; baseline -0.002 -17"><span class='ocrx_word' id='word_1_242' title='bbox 52 2506 92 2550; x_wconf 47' lang='grc' dir='ltr'>Ὗ</span> <span class='ocrx_word' id='word_1_243' title='bbox 165 2497 408 2567; x_wconf 89' lang='lat' dir='ltr'><strong>iustaque</strong></span> <span class='ocrx_word' id='word_1_244' title='bbox 439 2496 505 2552; x_wconf 92' lang='lat' dir='ltr'><strong>de</strong></span> <span class='ocrx_word' id='word_1_245' title='bbox 535 2495 695 2550; x_wconf 90' lang='lat' dir='ltr'><strong>viduo</strong></span> <span class='ocrx_word' id='word_1_246' title='bbox 725 2514 893 2566; x_wconf 89' lang='lat' dir='ltr'><strong>paene</strong></span> <span class='ocrx_word' id='word_1_247' title='bbox 923 2495 1138 2564; x_wconf 90' lang='lat' dir='ltr'><strong>querela</strong></span> <span class='ocrx_word' id='word_1_248' title='bbox 1168 2503 1299 2548; x_wconf 90' lang='lat' dir='ltr'><strong>toro.</strong></span> 
     </span>
     <span class='ocr_line' id='line_1_41' title="bbox 94 2565 1272 2638; baseline -0.003 -16"><span class='ocrx_word' id='word_1_249' title='bbox 94 2567 557 2624; x_wconf 83' lang='lat' dir='ltr'><strong>scilicet.adversis</strong></span> <span class='ocrx_word' id='word_1_250' title='bbox 587 2567 823 2638; x_wconf 87' lang='lat' dir='ltr'><strong>probitas</strong></span> <span class='ocrx_word' id='word_1_251' title='bbox 854 2566 1084 2621; x_wconf 83' lang='lat' dir='ltr'><strong>exercita</strong></span> <span class='ocrx_word' id='word_1_252' title='bbox 1113 2565 1272 2619; x_wconf 86' lang='lat' dir='ltr'><strong>rebus</strong></span> 
     </span>
     <span class='ocr_line' id='line_1_42' title="bbox 169 2636 1281 2709; baseline -0.004 -16"><span class='ocrx_word' id='word_1_253' title='bbox 169 2638 302 2693; x_wconf 86' lang='lat' dir='ltr'><strong>tristi</strong></span> <span class='ocrx_word' id='word_1_254' title='bbox 332 2639 616 2693; x_wconf 64' lang='lat' dir='ltr'><strong>materiam&gt;</strong></span> <span class='ocrx_word' id='word_1_255' title='bbox 637 2647 872 2709; x_wconf 88' lang='lat' dir='ltr'><strong>tempore</strong></span> <span class='ocrx_word' id='word_1_256' title='bbox 902 2637 1073 2690; x_wconf 87' lang='lat' dir='ltr'><strong>laudis</strong></span> <span class='ocrx_word' id='word_1_257' title='bbox 1104 2636 1281 2691; x_wconf 87' lang='lat' dir='ltr'><strong>habet.</strong></span> 
     </span>
     <span class='ocr_line' id='line_1_43' title="bbox 94 2707 1183 2772; baseline -0.002 -9"><span class='ocrx_word' id='word_1_258' title='bbox 94 2709 143 2763; x_wconf 83' lang='lat' dir='ltr'><strong>si</strong></span> <span class='ocrx_word' id='word_1_259' title='bbox 168 2710 298 2763; x_wconf 90' lang='lat' dir='ltr'><strong>nihil</strong></span> <span class='ocrx_word' id='word_1_260' title='bbox 327 2708 506 2763; x_wconf 87' lang='lat' dir='ltr'><strong>infesti</strong></span> <span class='ocrx_word' id='word_1_261' title='bbox 535 2708 699 2762; x_wconf 91' lang='lat' dir='ltr'><strong>durus</strong></span> <span class='ocrx_word' id='word_1_262' title='bbox 729 2709 947 2762; x_wconf 85' lang='lat' dir='ltr'><strong>vidisset</strong></span> <span class='ocrx_word' id='word_1_263' title='bbox 975 2707 1183 2772; x_wconf 87' lang='lat' dir='ltr'><strong>Ulixes,</strong></span> 
     </span>
     <span class='ocr_line' id='line_1_44' title="bbox 70 2778 1253 2843; baseline 0 -12"><span class='ocrx_word' id='word_1_264' title='bbox 70 2827 78 2831; x_wconf 18' lang='lat' dir='ltr'><strong>e</strong></span> <span class='ocrx_word' id='word_1_265' title='bbox 166 2780 367 2835; x_wconf 91' lang='lat' dir='ltr'><strong>Penelo</strong></span> <span class='ocrx_word' id='word_1_266' title='bbox 407 2799 436 2834; x_wconf 91' lang='lat' dir='ltr'><strong>e</strong></span> <span class='ocrx_word' id='word_1_267' title='bbox 466 2779 617 2843; x_wconf 89' lang='lat' dir='ltr'><strong>felix,</strong></span> <span class='ocrx_word' id='word_1_268' title='bbox 650 2779 744 2833; x_wconf 87' lang='lat' dir='ltr'><strong>sed</strong></span> <span class='ocrx_word' id='word_1_269' title='bbox 774 2780 885 2832; x_wconf 91' lang='lat' dir='ltr'><strong>sine</strong></span> <span class='ocrx_word' id='word_1_270' title='bbox 915 2778 1070 2832; x_wconf 88' lang='lat' dir='ltr'><strong>laude</strong></span> <span class='ocrx_word' id='word_1_271' title='bbox 1100 2778 1253 2832; x_wconf 87' lang='lat' dir='ltr'><strong>foret.</strong></span> 
     </span>
     <span class='ocr_line' id='line_1_45' title="bbox 97 2849 1397 2919; baseline -0.003 -13"><span class='ocrx_word' id='word_1_272' title='bbox 97 2852 263 2906; x_wconf 85' lang='lat' dir='ltr'><strong>victor</strong></span> <span class='ocrx_word' id='word_1_273' title='bbox 291 2851 372 2904; x_wconf 88' lang='lat' dir='ltr'><strong>Ec</strong></span> <span class='ocrx_word' id='word_1_274' title='bbox 411 2851 577 2904; x_wconf 88' lang='lat' dir='ltr'><strong>ionias</strong></span> <span class='ocrx_word' id='word_1_275' title='bbox 609 2850 654 2903; x_wconf 92' lang='lat' dir='ltr'><strong>si</strong></span> <span class='ocrx_word' id='word_1_276' title='bbox 683 2850 764 2903; x_wconf 87' lang='lat' dir='ltr'><strong>vir</strong></span> <span class='ocrx_word' id='word_1_277' title='bbox 791 2858 1117 2919; x_wconf 86' lang='lat' dir='ltr'><strong>penetrasset</strong></span> <span class='ocrx_word' id='word_1_278' title='bbox 1145 2849 1201 2902; x_wconf 91' lang='lat' dir='ltr'><strong>in</strong></span> <span class='ocrx_word' id='word_1_279' title='bbox 1232 2866 1397 2911; x_wconf 89' lang='lat' dir='ltr'><strong>arces,</strong></span> 
     </span>
     <span class='ocr_line' id='line_1_46' title="bbox 166 2919 1373 2976; baseline -0.004 0"><span class='ocrx_word' id='word_1_280' title='bbox 166 2922 388 2976; x_wconf 88' lang='lat' dir='ltr'><strong>forsitan</strong></span> <span class='ocrx_word' id='word_1_281' title='bbox 415 2921 679 2974; x_wconf 87' lang='lat' dir='ltr'><strong>Euadnen</strong></span> <span class='ocrx_word' id='word_1_282' title='bbox 706 2920 798 2974; x_wconf 87' lang='lat' dir='ltr'><strong>vix</strong></span> <span class='ocrx_word' id='word_1_283' title='bbox 828 2938 925 2973; x_wconf 87' lang='lat' dir='ltr'><strong>sua</strong></span> <span class='ocrx_word' id='word_1_284' title='bbox 953 2929 1131 2973; x_wconf 88' lang='lat' dir='ltr'><strong>nosset</strong></span> <span class='ocrx_word' id='word_1_285' title='bbox 1162 2919 1373 2972; x_wconf 77' lang='lat' dir='ltr'><strong>humus·</strong></span> 
     </span>
     <span class='ocr_line' id='line_1_47' title="bbox 98 2989 1527 3062; baseline -0.004 -15"><span class='ocrx_word' id='word_1_286' title='bbox 98 3010 221 3047; x_wconf 93' lang='lat' dir='ltr'><strong>cum</strong></span> <span class='ocrx_word' id='word_1_287' title='bbox 249 2993 402 3047; x_wconf 90' lang='lat' dir='ltr'><strong>Pelia</strong></span> <span class='ocrx_word' id='word_1_288' title='bbox 430 2991 641 3062; x_wconf 85' lang='lat' dir='ltr'><strong>genitae</strong></span> <span class='ocrx_word' id='word_1_289' title='bbox 672 2999 750 3044; x_wconf 89' lang='lat' dir='ltr'><strong>tot</strong></span> <span class='ocrx_word' id='word_1_290' title='bbox 779 2990 907 3054; x_wconf 87' lang='lat' dir='ltr'><strong>sint,</strong></span> <span class='ocrx_word' id='word_1_291' title='bbox 938 3008 1032 3044; x_wconf 90' lang='lat' dir='ltr'><strong>cur</strong></span> <span class='ocrx_word' id='word_1_292' title='bbox 1061 2989 1250 3043; x_wconf 88' lang='lat' dir='ltr'><strong>nobilis</strong></span> <span class='ocrx_word' id='word_1_293' title='bbox 1279 3009 1386 3042; x_wconf 90' lang='lat' dir='ltr'><strong>una</strong></span> <span class='ocrx_word' id='word_1_294' title='bbox 1416 2989 1527 3042; x_wconf 79' lang='lat' dir='ltr'><strong>est?</strong></span> 
     </span>
     <span class='ocr_line' id='line_1_48' title="bbox 166 3060 1372 3135; baseline -0.003 -19"><span class='ocrx_word' id='word_1_295' title='bbox 166 3082 357 3135; x_wconf 90' lang='lat' dir='ltr'><strong>nempe</strong></span> <span class='ocrx_word' id='word_1_296' title='bbox 386 3063 487 3116; x_wconf 87' lang='lat' dir='ltr'><strong>fuit</strong></span> <span class='ocrx_word' id='word_1_297' title='bbox 515 3062 706 3116; x_wconf 91' lang='lat' dir='ltr'><strong>misero</strong></span> <span class='ocrx_word' id='word_1_298' title='bbox 735 3070 902 3133; x_wconf 75' lang='lat' dir='ltr'><strong>nupta</strong></span> <span class='ocrx_word' id='word_1_299' title='bbox 931 3060 1076 3130; x_wconf 88' lang='lat' dir='ltr'><strong>quod</strong></span> <span class='ocrx_word' id='word_1_300' title='bbox 1104 3080 1213 3113; x_wconf 90' lang='lat' dir='ltr'><strong>una</strong></span> <span class='ocrx_word' id='word_1_301' title='bbox 1242 3061 1372 3113; x_wconf 87' lang='lat' dir='ltr'><strong>viro.</strong></span> 
     </span>
     <span class='ocr_line' id='line_1_49' title="bbox 98 3131 1412 3204; baseline -0.003 -16"><span class='ocrx_word' id='word_1_302' title='bbox 98 3133 278 3198; x_wconf 84' lang='lat' dir='ltr'><strong>effice,</strong></span> <span class='ocrx_word' id='word_1_303' title='bbox 295 3142 369 3189; x_wconf 85' lang='lat' dir='ltr'><strong>ut</strong></span> <span class='ocrx_word' id='word_1_304' title='bbox 395 3134 803 3204; x_wconf 70' lang='lat' dir='ltr'><strong>Iliacas&#39;tangat</strong></span> <span class='ocrx_word' id='word_1_305' title='bbox 831 3132 975 3203; x_wconf 88' lang='lat' dir='ltr'><strong>prior</strong></span> <span class='ocrx_word' id='word_1_306' title='bbox 1005 3132 1135 3185; x_wconf 89' lang='lat' dir='ltr'><strong>alter</strong></span> <span class='ocrx_word' id='word_1_307' title='bbox 1163 3131 1412 3185; x_wconf 79' lang='lat' dir='ltr'><strong>harenas:</strong></span> 
     </span>
     <span class='ocr_line' id='line_1_50' title="bbox 169 3202 1177 3259; baseline -0.004 0"><span class='ocrx_word' id='word_1_308' title='bbox 169 3204 465 3259; x_wconf 88' lang='lat' dir='ltr'><strong>Laodamia</strong></span> <span class='ocrx_word' id='word_1_309' title='bbox 493 3204 623 3258; x_wconf 92' lang='lat' dir='ltr'><strong>nihil</strong></span> <span class='ocrx_word' id='word_1_310' title='bbox 653 3223 747 3258; x_wconf 91' lang='lat' dir='ltr'><strong>cur</strong></span> <span class='ocrx_word' id='word_1_311' title='bbox 776 3204 1035 3258; x_wconf 86' lang='lat' dir='ltr'><strong>referatur</strong></span> <span class='ocrx_word' id='word_1_312' title='bbox 1064 3202 1177 3256; x_wconf 88' lang='lat' dir='ltr'><strong>erit.</strong></span> 
     </span>
     <span class='ocr_line' id='line_1_51' title="bbox 21 3275 1428 3346; baseline -0.005 -14"><span class='ocrx_word' id='word_1_313' title='bbox 21 3327 29 3332; x_wconf 84' lang='lat'><em>.</em></span> <span class='ocrx_word' id='word_1_314' title='bbox 99 3279 154 3329; x_wconf 82' lang='lat' dir='ltr'><strong>et</strong></span> <span class='ocrx_word' id='word_1_315' title='bbox 181 3284 274 3335; x_wconf 77' lang='lat' dir='ltr'><strong>tua</strong></span> <span class='ocrx_word' id='word_1_316' title='bbox 301 3275 471 3346; x_wconf 89' lang='lat' dir='ltr'><strong>(quod</strong></span> <span class='ocrx_word' id='word_1_317' title='bbox 498 3276 736 3346; x_wconf 87' lang='lat' dir='ltr'><strong>mallem)</strong></span> <span class='ocrx_word' id='word_1_318' title='bbox 765 3276 932 3346; x_wconf 87' lang='lat' dir='ltr'><strong>pietas</strong></span> <span class='ocrx_word' id='word_1_319' title='bbox 963 3275 1146 3345; x_wconf 85' lang='lat' dir='ltr'><strong>ignota</strong></span> <span class='ocrx_word' id='word_1_320' title='bbox 1175 3282 1428 3337; x_wconf 85' lang='lat' dir='ltr'><strong>maneret,</strong></span> 
     </span>
     <span class='ocr_line' id='line_1_52' title="bbox 170 3345 1119 3418; baseline -0.005 -16.519"><span class='ocrx_word' id='word_1_321' title='bbox 170 3346 446 3418; x_wconf 84' lang='lat' dir='ltr'><strong>implerent</strong></span> <span class='ocrx_word' id='word_1_322' title='bbox 474 3347 620 3402; x_wconf 86' lang='lat' dir='ltr'><strong>venti</strong></span> <span class='ocrx_word' id='word_1_323' title='bbox 649 3347 694 3400; x_wconf 88' lang='lat' dir='ltr'><strong>si</strong></span> <span class='ocrx_word' id='word_1_324' title='bbox 722 3365 843 3400; x_wconf 89' lang='lat' dir='ltr'><strong>mea</strong></span> <span class='ocrx_word' id='word_1_325' title='bbox 872 3347 991 3400; x_wconf 87' lang='lat' dir='ltr'><strong>vela</strong></span> <span class='ocrx_word' id='word_1_326' title='bbox 1020 3345 1119 3399; x_wconf 91' lang='lat' dir='ltr'><strong>sui.</strong></span> 
     </span>
     <span class='ocr_line' id='line_1_53' title="bbox 71 3414 1406 3480; baseline -0.001 -10"><span class='ocrx_word' id='word_1_327' title='bbox 71 3447 73 3449; x_wconf 95' lang='lat'>·</span> <span class='ocrx_word' id='word_1_328' title='bbox 100 3414 156 3469; x_wconf 85' lang='lat' dir='ltr'><strong>di</strong></span> <span class='ocrx_word' id='word_1_329' title='bbox 184 3425 360 3471; x_wconf 85' lang='lat' dir='ltr'><strong>tamen</strong></span> <span class='ocrx_word' id='word_1_330' title='bbox 389 3426 446 3477; x_wconf 13' lang='lat' dir='ltr'><strong>et,</strong></span> <span class='ocrx_word' id='word_1_331' title='bbox 471 3416 670 3472; x_wconf 85' lang='lat' dir='ltr'><strong>Caesar</strong></span> <span class='ocrx_word' id='word_1_332' title='bbox 700 3418 780 3471; x_wconf 91' lang='lat' dir='ltr'><strong>dis</strong></span> <span class='ocrx_word' id='word_1_333' title='bbox 811 3435 1108 3480; x_wconf 87' lang='lat' dir='ltr'><strong>accessure,</strong></span> <span class='ocrx_word' id='word_1_334' title='bbox 1141 3416 1235 3469; x_wconf 88' lang='lat' dir='ltr'><strong>sed</strong></span> <span class='ocrx_word' id='word_1_335' title='bbox 1265 3415 1406 3478; x_wconf 92' lang='lat' dir='ltr'><strong>olim,</strong></span> 
     </span>
     <span class='ocr_line' id='line_1_54' title="bbox 173 3486 1236 3559; baseline -0.001 -19"><span class='ocrx_word' id='word_1_336' title='bbox 173 3487 446 3557; x_wconf 87' lang='lat' dir='ltr'><strong>aequarint</strong></span> <span class='ocrx_word' id='word_1_337' title='bbox 474 3488 658 3559; x_wconf 85' lang='lat' dir='ltr'><strong>Pylios</strong></span> <span class='ocrx_word' id='word_1_338' title='bbox 689 3507 811 3543; x_wconf 91' lang='lat' dir='ltr'><strong>cum</strong></span> <span class='ocrx_word' id='word_1_339' title='bbox 840 3498 932 3542; x_wconf 88' lang='lat' dir='ltr'><strong>tua</strong></span> <span class='ocrx_word' id='word_1_340' title='bbox 961 3487 1072 3541; x_wconf 88' lang='lat' dir='ltr'><strong>fata</strong></span> <span class='ocrx_word' id='word_1_341' title='bbox 1102 3486 1236 3540; x_wconf 86' lang='lat' dir='ltr'><strong>dies:</strong></span> 
     </span>
    </p>
   </div>
   <div class='ocr_carea' id='block_1_14' title="bbox 1834 1941 1893 1981">
    <p class='ocr_par' dir='ltr' id='par_1_20' title="bbox 1834 1941 1893 1981">
     <span class='ocr_line' id='line_1_55' title="bbox 1834 1941 1893 1981; baseline 0.017 -1"><span class='ocrx_word' id='word_1_342' title='bbox 1834 1941 1893 1981; x_wconf 78' lang='lat'><strong>40</strong></span> 
     </span>
    </p>
   </div>
   <div class='ocr_carea' id='block_1_15' title="bbox 1836 2296 1893 2337">
    <p class='ocr_par' dir='ltr' id='par_1_21' title="bbox 1836 2296 1893 2337">
     <span class='ocr_line' id='line_1_56' title="bbox 1836 2296 1893 2337; baseline 0.018 -1"><span class='ocrx_word' id='word_1_343' title='bbox 1836 2296 1893 2337; x_wconf 79' lang='lat'><strong>4⁵</strong></span> 
     </span>
    </p>
   </div>
   <div class='ocr_carea' id='block_1_16' title="bbox 1839 2651 1894 2690">
    <p class='ocr_par' dir='ltr' id='par_1_22' title="bbox 1839 2651 1894 2690">
     <span class='ocr_line' id='line_1_57' title="bbox 1839 2651 1894 2690; baseline 0 0"><span class='ocrx_word' id='word_1_344' title='bbox 1839 2651 1894 2690; x_wconf 90' lang='grc'><strong>50</strong></span> 
     </span>
    </p>
   </div>
   <div class='ocr_carea' id='block_1_17' title="bbox 1838 3005 1893 3045">
    <p class='ocr_par' dir='ltr' id='par_1_23' title="bbox 1838 3005 1893 3045">
     <span class='ocr_line' id='line_1_58' title="bbox 1838 3005 1893 3045; baseline 0 0"><span class='ocrx_word' id='word_1_345' title='bbox 1838 3005 1893 3045; x_wconf 87' lang='grc'><strong>55</strong></span> 
     </span>
    </p>
   </div>
   <div class='ocr_carea' id='block_1_18' title="bbox 1839 3360 1895 3399">
    <p class='ocr_par' dir='ltr' id='par_1_24' title="bbox 1839 3360 1895 3399">
     <span class='ocr_line' id='line_1_59' title="bbox 1839 3360 1895 3399; baseline 0 0"><span class='ocrx_word' id='word_1_346' title='bbox 1839 3360 1895 3399; x_wconf 82' lang='grc'><strong>60</strong></span> 
     </span>
    </p>
   </div>
  </div>
 </body>
</html>
