2158 3906
335 281 402 334 16
888 290 943 332 Ρ.
978 288 1184 334 OVIDII
1214 287 1484 334 NASONIS
1552 299 1555 302 ·

335 393 531 446 Furius
561 392 855 460 antiquam,
886 390 1070 459 populi
1099 399 1374 458 superator
1403 389 1631 453 Etrusci,

408 471 649 525 voverat,
682 471 733 514 et
763 460 872 513 voti
902 461 1130 512 solverat
1158 460 1457 513 illefidem:

340 553 522 594 causa,
555 532 697 600 quod
728 551 759 583 a
788 530 1026 600 patribus
1057 532 1279 600 sumptis
1311 541 1596 584 secesserat
1626 531 1784 584 armis

411 605 624 673 volgus,
656 611 709 654 et
737 602 852 670 ipsa
882 620 1004 654 suas
1033 600 1207 654 Roma
1236 602 1456 655 timebat
1486 621 1627 672 opes.

221 692 306 732 645
338 694 498 729 causa
526 691 710 727 recens
741 672 949 724 melior:
981 690 1165 741 passos
1197 671 1488 725 Germania
1519 673 1689 726 crines
1735 678 1744 689 '

407 743 628 814 porrigit
660 742 928 812 auspiciiS‚
962 744 1071 794 dux
1102 744 1424 806 venerande,
1456 744 1577 796 tuis.

337 816 461 868 inde
492 813 842 882 triumphatae
873 813 1052 865 libasti
1081 833 1301 866 munera
1330 815 1501 883 gentis

408 885 710 954 templaque
741 884 934 946 fecisti,
966 902 1127 952 quam
1158 885 1328 936 colis
1314 904 1452 953 1pse,
1485 885 1630 937 deae.

336 956 468 1009 haec
498 965 591 1007 tua
622 954 891 1006 constituit
921 955 1165 1023 genetrix
1194 965 1246 1007 et
1275 955 1432 1007 rebus
1465 964 1516 1007 et
1546 974 1653 1017 ara,

221 1044 306 1085 650
410 1027 520 1079 sola
549 1035 663 1078 toro
685 1025 876 1095 magni
906 1026 1069 1095 digna
1098 1034 1308 1096 reperta
1337 1026 1498 1078 Iovis.

336 1169 469 1221 haec
499 1168 592 1220 ubi
622 1168 945 1230 transierint,
980 1166 1330 1237 Capricorno
1362 1167 1606 1230 Phoebe
1637 1166 1818 1219 relicto
1855 1162 1929 1207 17.
1959 1163 2054 1263 fig

409 1258 504 1309 per
519 1239 723 1291 iuvenis
740 1257 917 1291 curres
936 1239 1088 1308 signa
1103 1239 1333 1308 gerentis
1350 1256 1650 1306 aquam.——-
1846 1220 1928 1320 ἕξ·
1967 1277 2005 1319 C
2013 1276 2054 1320 C

339 1310 595 1380 septimus
620 1309 742 1362 hinc
767 1309 940 1362 oriens
965 1328 1085 1361 cum
1110 1328 1164 1361 se
1189 1309 1457 1362 demiserit
1480 1309 1652 1371 undiS,
1854 1305 1934 1376 2‘0'.
1955 1333 2053 1376 DC
2142 1362 2143 1365 Ἴ

411 1381 639 1450 fulgebit
667 1390 777 1433 toto
808 1381 914 1432 iam
944 1379 1093 1449 Lyra
1122 1380 1267 1432 nulla
1296 1380 1437 1449 polo.
1466 1388 1566 1416 —-'
1854 1390 1928 1433 21.
1960 1390 2054 1442 EQ
2117 1384 2122 1451 s
2146 1444 2147 1449 ¹

225 1469 309 1509 655
343 1451 512 1504 sidere
545 1451 612 1502 ab
643 1451 787 1503 hoc
773 1452 911 1520 lgnis
943 1450 1173 1503 venienti
1202 1461 1379 1512 nocte,
1411 1451 1610 1503 Leonis
1855 1446 1935 1490 22-
1967 1447 2012 1488 F
2015 1446 2052 1489 0
2110 1487 2111 1494 ,

413 1523 505 1590 qui
536 1522 696 1573 micat
724 1521 779 1573 in
808 1521 981 1574 medio
1011 1531 1248 1591 pectore,
1279 1540 1481 1574 mersus
1513 1521 1624 1574 erit.
1855 1502 1935 1546 23·
1961 1500 2054 1547 GU
2110 1515 2117 1587 J
2155 1534 2158 1536 “

340 1663 450 1717 Ter
472 1672 658 1731 quater
683 1664 855 1716 evolvi
879 1664 1147 1733 signantes
1170 1665 1415 1745 tempora
1430 1663 1611 1725 fastOS,
1642 1659 1721 1703 24·
1745 1661 1799 1703 H
1804 1661 1842 1703 0
1864 1659 1944 1702 25·
1961 1659 2055 1703 ΑΟ
2111 1680 2115 1732 3
2150 1659 2155 1726 s

411 1752 510 1787 nec
542 1733 850 1787 Sementiua
881 1744 960 1786 est
988 1735 1098 1786 ulla
1126 1744 1335 1803 reperta
1365 1733 1499 1786 dies:
1747 1716 1827 1759 2⁶·
1857 1717 1948 1759 BC

342 1824 464 1858 cum
495 1805 624 1856 mihi
654 1835 727 1842 —
756 1805 918 1857 sensit
949 1805 1086 1857 enim
1117 1834 1191 1842 —
1219 1805 1336 1856 ‘lux
1366 1804 1497 1857 haec
1526 1802 1816 1866 indicitur,’
1849 1801 2021 1870 inquit

226 1893 310 1933 660
410 1875 599 1927 Musa:
632 1875 790 1958 ‘quid
821 1895 851 1927 a
881 1876 1029 1928 fastis
1059 1893 1168 1927 non
1198 1883 1333 1927 stata
1364 1894 1515 1928 sacra
1543 1873 1734 1944 petis?'

340 1955 504 2015 utque
536 1946 648 1998 dies
678 1947 879 1999 incerta
910 1965 1082 2008 sacre,
1115 1946 1188 1998 sic
1218 1955 1458 2015 tempora
1488 1955 1645 2006 certa,

413 2017 700 2070 seminibus
730 2017 880 2070 iactis
912 2026 992 2070 est
1019 2017 1113 2069 ubi
1143 2017 1282 2070 fetus
1314 2036 1457 2089 ager.

342 2096 500 2149 state,
533 2089 789 2150 coronati,
820 2089 1036 2158 plenum
1068 2088 1137 2140 ad
1167 2107 1475 2158 praesaepe,
1506 2087 1741 2141 iuvenci.

414 2177 535 2211 cum
566 2159 743 2228 tepido
774 2163 1009 2212 vestrum
1040 2177 1163 2211 vere
1193 2159 1386 2211 redibit
1414 2177 1564 2229 opus.

227 2247 311 2288 665
340 2230 568 2282 rusticus
600 2229 877 2283 emeritum
905 2231 1027 2299 palo
1059 2230 1347 2300 suspendat
1377 2239 1635 2283 aratrum:

415 2319 569 2353 omne
599 2301 907 2353 reformidat
936 2301 1133 2370 frigore
1164 2301 1353 2352 volnus
1383 2300 1593 2353 humus,

343 2370 519 2433 vilice,
552 2371 621 2423 da
650 2372 885 2439 requiem
915 2380 1110 2433 terrae,
1141 2381 1374 2424 semente
1404 2380 1642 2440 peracta:

415 2441 483 2493 da
512 2442 772 2510 requiem,
804 2451 996 2494 terram
1027 2442 1119 2510 qui
1148 2442 1380 2503 coluere,
1411 2441 1551 2494 viris.

342 2530 514 2582 pagus
546 2523 670 2581 agat
698 2512 916 2564 festum.
948 2531 1147 2582 pagum
1177 2513 1419 2575 lustrate,
1452 2512 1637 2574 coloni,

230 2600 315 2640 670
417 2592 468 2635 et
498 2583 618 2635 date
648 2584 870 2653 paganis
901 2602 1077 2636 annua
1105 2583 1214 2635 liba
1243 2583 1390 2635 focis.

344 2654 621 2723 placentur
650 2654 867 2724 frugum
896 2662 1113 2715 matreS,
1146 2654 1435 2722 Tellusque
1468 2652 1767 2722 Ceresque,

415 2724 554 2776 farre
585 2743 681 2776 suo
711 2725 963 2794 gravidae
993 2724 1388 2793 visceribusque
1420 2725 1543 2777 suis.

346 2794 581 2847 officium
612 2813 890 2848 commune
923 2794 1087 2848 Ceres
1119 2804 1171 2849 et
1201 2795 1368 2849 Terra
1398 2805 1636 2848 tuentur:

415 2864 548 2918 haec
577 2866 797 2935 praebet
827 2885 1041 2919 causam
1070 2866 1338 2937 frugibUS,
1369 2867 1459 2920 illa
1487 2868 1681 2919 locum.

231 2952 316 2994 675
347 2945 613 2989 consortes
645 2938 841 3006 operis,
872 2956 968 3007 per
997 2955 1129 3005 quas
1161 2946 1396 2991 correcta
1424 2946 1657 2991 vetustas

418 3025 724 3090 quernaque
753 3009 906 3078 glans
937 3009 1076 3060 victa
1106 3017 1186 3060 est
1214 3008 1421 3061 utiliore
1452 3008 1594 3060 cibo:

346 3076 635 3147 frugibus'
620 3079 889 3131 1mmensis
921 3079 1102 3131 avidos
1135 3077 1319 3131 satiate
1351 3079 1581 3141 colonOS,

417 3157 477 3200 ut
507 3149 716 3218 capiant
746 3150 918 3201 cultus
949 3150 1183 3219 praemia
1213 3149 1374 3218 digna
1404 3149 1501 3201 sui.

346 3236 442 3271 vos
473 3219 593 3272 date
624 3229 905 3289 perpetuos
936 3220 1128 3272 teneris
1158 3219 1481 3272 sementibus
1511 3228 1715 3301 auctus,

233 3306 319 3346 680
418 3296 516 3341 nec
546 3307 684 3341 nova
713 3308 808 3359 per
836 3290 1038 3359 gelidas
1068 3289 1233 3342 herba
1264 3290 1331 3341 sit
1359 3299 1478 3342 usta
1506 3290 1672 3342 nives.

349 3377 470 3413 cum
502 3360 747 3422 serimus,
781 3360 985 3413 caelum
1015 3360 1184 3412 ventis
1215 3360 1412 3430 aperite
1444 3360 1664 3413 serenis:

420 3449 537 3483 cum
568 3431 716 3494 latet,
749 3431 980 3486 aetheria
1011 3431 1241 3500 spargite
1273 3450 1452 3484 semen
1484 3449 1637 3500 aqua.
