2158 3906
380 287 451 340 14
931 298 984 341 P.
1021 294 1225 341 OVIDII
1254 293 1525 340 NASONIS

455 402 656 463 abdita,
686 402 775 452 vix
805 399 931 469 ipsis
962 396 1277 450 invenienda
1306 396 1447 449 feris.

382 490 475 523 ora
506 490 664 540 super
693 479 868 539 postes
900 468 1179 536 adfixaque
1209 467 1456 520 bracchia
1485 466 1735 536 pendent,

454 541 800 610 squalidaque
831 539 1074 591 humanis
1105 538 1311 591 ossibus
1341 538 1484 590 albet
1512 537 1722 589 humus

383 622 589 665 servata
619 612 755 663 male
785 619 933 679 parte
963 609 1124 661 boum
1156 610 1285 662 Iove
1314 618 1470 661 natus
1501 609 1704 668 abibat;

269 701 354 740 560
455 682 714 750 mugitum
746 698 905 732 rauco
936 680 1077 732 furta
1108 680 1300 732 dedere
1331 698 1476 732 sono.

384 753 608 822 ‘accipio
639 751 974 804 revocamen’
1008 751 1103 813 ait,
1133 768 1425 818 vocemque
1457 758 1669 802 secutus

454 823 617 892 impia
645 841 741 892 per
771 822 928 874 silvas
959 822 1097 874 ultor
1126 822 1194 873 ad
1225 830 1374 873 antra
1403 820 1564 873 venit.

382 895 468 946 ille
502 893 701 945 aditum
730 893 883 945 fracti
914 901 1306 962 praestruxerat
1335 891 1485 943 obice
1515 890 1732 942 montis.

455 965 544 1016 vix
574 964 700 1033 iuga
729 964 1018 1016 movissent
1047 963 1280 1032 quinque
1311 962 1391 1014 bis
1421 961 1554 1013 illud
1584 978 1734 1030 opus.

270 1052 352 1091 565
384 1036 566 1087 nititur
595 1034 680 1086 hic
710 1034 929 1097 umeris„
961 1066 1029 1072 —
1061 1035 1265 1086 caelum
1297 1050 1510 1101 quoque
1541 1032 1747 1085 sederat
1776 1031 1984 1084 illis'-

457 1116 506 1158 et
537 1115 745 1158 vastum
777 1115 923 1157 motu
955 1104 1340 1158 conlabefactat
1369 1122 1520 1156 onus.

368 1177 526 1246 ‘quod
558 1177 712 1229 simul
743 1196 986 1230 eversum
1018 1186 1120 1238 est,
1151 1175 1332 1246 fragor
1362 1174 1577 1228 aethera
1603 1173 1791 1227 terruit
1818 1173 2018 1245 ipsum,

455 1249 662 1316 ictaque
695 1247 931 1300 subsedit
961 1247 1192 1318 pondere
1221 1221 1374 1298 molis
1405 1246 1626 1297 humus,

367 1320 554 1389 prima
583 1328 761 1371 movet
793 1316 967 1371 Cacus
1000 1319 1188 1370 collata
1218 1317 1416 1387 proelia
1446 1316 1632 1369 dextra

272 1407 355 1445 570
457 1408 673 1457 remque
704 1390 854 1442 ferox
886 1389 1024 1441 saxis
1057 1389 1427 1458 stipitibusque
1457 1386 1611 1456 gerit.

385 1462 502 1529 quis
532 1461 625 1512 ubi
654 1461 726 1512 nil
757 1461 955 1530 agitur,
986 1460 1182 1530 patrias
1211 1459 1350 1511 male
1378 1458 1530 1510 fort-is
1559 1457 1628 1509 ad
1657 1466 1795 1511 artes

458 1531 698 1601 confugit
728 1540 779 1584 et
789 1506 1048 1584 ”flammas
1078 1549 1168 1583 ore
1198 1539 1419 1582 sonante
1446 1529 1628 1581 vomit.

386 1621 518 1671 quas
549 1602 793 1671 quotiens
823 1602 1035 1672 proflat,
1068 1602 1265 1671 spirare
1294 1600 1561 1683 Typhoea
1584 1599 1769 1652 credas

458 1684 510 1726 et
538 1673 782 1743 rapidum
813 1674 1054 1726 Aetnaeo
1085 1673 1267 1742 fulgur
1295 1671 1408 1723 ab
1393 1689 1517 1741 1gne
1546 1669 1662 1721 iaci.

272 1760 356 1799 575
389 1754 610 1814 occupat
641 1744 883 1806 Alcides,
917 1744 1248 1811 adductaque
1279 1744 1428 1795 clava
1458 1740 1711 1793 trinodis

458 1826 537 1868 ter
567 1826 752 1882 quater
782 1815 1002 1867 adverso
1035 1815 1211 1866 sedit
1197 1834 1252 1865 m
1283 1831 1372 1865 ore
1403 1812 1518 1864 viri.

385 1887 473 1939 ille
505 1887 645 1938 cadit
674 1886 971 1954 mixtosque
1002 1886 1166 1937 v6n1it
1197 1904 1318 1936 cum
1349 1883 1607 1953 sanguine
1637 1882 1815 1937 fumos

459 1967 511 2010 et
540 1958 645 2009 lato
676 1957 903 2009 moriens
934 1966 1146 2026 pectore
1177 1955 1382 2025 plangit
1410 1954 1648 2006 humum.

386 2028 624 2080 immolat
655 2047 721 2081 ex
750 2027 852 2079 illis
883 2037 1094 2080 taurum
1125 2027 1242 2089 tibi,
1273 2025 1538 2096 Iuppiter,
1568 2043 1738 2077 unum

272 2114 358 2154 580
459 2099 644 2152 Victor
673 2108 724 2151 et
753 2097 1067 2150 Euandrum
1096 2097 1454 2165 ruricolasque
1484 2106 1641 2148 vocat

386 2170 762 2238 constituitque
795 2170 917 2231 sibi,
950 2188 1084 2238 quae
1115 2168 1357 2221 Maxima
1387 2167 1600 2228 dicitur,
1633 2186 1796 2230 aram,

459 2241 544 2293 hic
574 2241 666 2292 ubi
695 2259 816 2309 pars
847 2240 992 2292 urbis
1025 2241 1090 2293 de
1120 2240 1256 2292 bove
1287 2257 1481 2291 nomen
1511 2207 1687 2290 habet.

387 2330 486 2363 nec
517 2321 651 2364 tacet
682 2311 920 2363 Euandri
952 2320 1142 2372 mater,
1173 2328 1338 2380 prope
1367 2318 1575 2379 tempus
1607 2309 1808 2370 adesse,

460 2382 693 2435 Hercule
725 2400 831 2450 quo
862 2382 1016 2434 tellus
1049 2382 1116 2433 sit
1145 2381 1272 2433 satis
1303 2399 1401 2432 usa
1431 2397 1544 2432 suc.

275 2467 360 2506 585
390 2462 443 2504 at
474 2453 601 2505 felix
632 2462 802 2513 vates,
833 2462 892 2504 ut
924 2452 1003 2504 dis
1033 2451 1334 2534 gratissima
1363 2451 1510 2509 vixit,

460 2524 694 2592 possidet
723 2523 862 2576 hunc
893 2523 1008 2607 Iani
1039 2522 1114 2575 sic
1145 2522 1243 2575 dea
1273 2540 1453 2575 mense
1486 2521 1642 2573 diem.

389 2664 612 2716 Idibus
599 2685 651 2716 1n
675 2665 854 2733 magni
879 2673 1053 2716 castus
1076 2664 1220 2715 Iovis
1245 2663 1376 2716 aede
1401 2637 1643 2715 sacerdos
1694 2672 1769 2717 13.
1790 2674 1838 2717 Ε
1859 2674 2010 2718 EID·
2021 2674 2059 2719 A
2076 2683 2087 2697 ·

462 2735 753 2788 semimaris
764 2711 1006 2787 oflammis
1038 2734 1239 2787 viscera
1268 2734 1398 2787 libat
1427 2734 1557 2786 ovis
1681 2730 1756 2774 14.
1778 2731 1821 2774 F
1843 2732 1947 2774 EN
1953 2738 2079 2772 DIES
2095 2732 2099 2743 ²

389 2807 697 2875 redditaque
729 2815 807 2859 est
837 2806 1005 2857 omnis
1035 2806 1233 2875 populo
1263 2805 1534 2875 provincia
1563 2814 1760 2867 nostre,
1805 2787 1998 2865 ΠΤῖςοὲἰ
2009 2788 2101 2822 EX*

275 2894 360 2932 590
462 2886 514 2928 et
543 2887 664 2929 tuus
698 2878 944 2947 Augusto
974 2877 1184 2929 nomine
1215 2876 1384 2928 dictus
1415 2894 1562 2928 avus.

389 2949 602 3017 perlege
635 2948 913 3018 dispositas
945 2965 1200 3017 generosa
1231 2948 1487 3017 peratria
1516 2965 1689 3000 cerasz

463 3019 795 3088 contigerunt
824 3018 955 3070 nulli
985 3019 1198 3070 nomina
1227 3027 1372 3071 tanta
1400 3018 1531 3070 viro,

391 3089 577 3141 Africa
608 3090 858 3142 victorem
891 3090 956 3142 de
988 3108 1042 3142 se
1073 3098 1250 3149 vocat,
1283 3090 1413 3141 alter
1441 3088 1672 3150 Isauras,

463 3169 554 3212 aut
585 3158 804 3212 Cretum
834 3160 1057 3211 domitas
1087 3160 1398 3212 testificatur
1426 3177 1572 3229 opeS,

277 3247 360 3286 595
392 3230 532 3282 hunc
561 3230 824 3283 Numidae
855 3230 1080 3291 faciunt,
1109 3230 1259 3282 illum
1287 3230 1542 3282 Messana
1570 3229 1878 3298 superbum,

460 3301 548 3354 ille
577 3299 901 3353 Numantina
930 3301 1089 3352 traxit
1120 3300 1186 3351 ab
1216 3300 1346 3353 urbe
1376 3308 1582 3361 notam3

391 3381 445 3425 et
474 3380 695 3429 mortem
726 3380 777 3423 et
805 3389 996 3424 nomen
1026 3370 1206 3422 Druso
1239 3369 1529 3424 Germania
1557 3370 1685 3423 fecit

462 3441 571 3510 (me
601 3443 875 3504 miserum,
906 3442 1074 3494 virtus
1101 3459 1259 3510 quam
1289 3441 1463 3495 brevis
1492 3440 1584 3494 illa
1611 3440 1786 3510 fuito:
